1644 2924
837 246 895 288 14

849 429 882 465 5.

286 505 491 560 χαίροισάν
508 523 569 546 τοι
589 506 688 547 ἔοικε
708 508 831 557 κομᾶν
849 508 924 548 ἄπο
943 508 1015 548 τὰν
1033 508 1263 560 Ἀφροδίταν

341 575 484 625 ἄνθεμα
502 573 747 627 κεκρύφαλον
763 574 876 616 τόνδε
895 578 1035 622 λαβεῖν
1054 577 1243 627 Σαμύθας·

288 641 487 683 δαιδαλέος
505 658 551 681 τε
569 640 646 695 γάρ
665 644 760 691 ἐστι,
782 643 846 683 καὶ
865 641 936 683 ἁδύ
953 660 992 683 τι
1010 643 1192 697 νέκταρος
1211 644 1299 696 ὄζει,

336 713 417 757 τοῦ,
438 712 493 761 τῷ
512 709 574 749 καὶ
593 709 692 758 τήνα
710 711 834 751 καλὸν
845 711 997 751 Ἀδωνα
1014 712 1126 764 χρίει.

841 834 876 872 6.

284 914 398 954 ἔντεα
415 912 588 966 Βρέττιοι
607 914 738 966 ἄνδρες
756 913 819 952 ἀπ’
841 913 1048 967 αἶνομόρων
1065 912 1193 961 βάλον
1212 917 1331 965 ὤμων,

336 982 543 1032 θεινόμενοι
561 984 715 1034 Λοκρῶν
732 982 872 1033 χερσὶν
891 982 950 1021 ὑπ’
970 981 1196 1034 ὧκυμάχων,

283 1050 335 1090 ὧν
353 1050 493 1101 ἇρετὰν
504 1050 710 1099 ῦμνεῦντα,
732 1051 827 1088 θεῶν
845 1050 906 1088 ὑπ’
927 1047 1119 1101 ἀνάκτορα
1138 1051 1295 1098 κεῖνται,

335 1117 422 1157 οὐδὲ
441 1119 619 1175 ποθεῦντι
638 1119 765 1160 κακῶν
782 1114 946 1168 πάχεας,
968 1117 1032 1158 οὓς
1054 1116 1198 1157 ἔλιπον.

838 1238 872 1279 7.

279 1318 545 1369 Αὔτομέλιννα
561 1317 757 1358 τέτυκται·
782 1318 832 1357 ἴδ’
852 1320 902 1358 ὡς
921 1319 1066 1368 ἀγανὸν
1083 1319 1130 1357 τὸ
1148 1317 1353 1371 πρόσωπον

333 1386 405 1437 ἆμὲ
423 1384 682 1436 ποτοπτάζειν
697 1386 900 1436 μειλιχίως
921 1385 1059 1426 δοκέει·

278 1457 327 1495 ὡς
347 1453 492 1503 ἐτύμως
511 1451 682 1504 θυγάτηρ
699 1454 751 1504 τᾷ
768 1452 904 1504 ματέρι
923 1451 1050 1493 πάντα
1068 1452 1243 1504 ποτῷκει.

331 1521 356 1568 ἧ
376 1521 498 1561 καλὸν
516 1520 613 1560 ὅκκα
630 1519 743 1560 πέλει
760 1519 879 1560 τέκνα
897 1523 1078 1570 ’γονεῦσιν
1095 1522 1173 1560 ἴσα.

836 1644 869 1680 8.

276 1723 408 1774 γνωτὰ
426 1722 654 1770 καὶ.τ·ηνῶθε
671 1722 898 1768 Σαβαιθίδος
917 1722 1030 1762 εἴδετ’
1051 1722 1197 1763 ὀπωπά·

331 1788 356 1829 ἃ.
374 1790 406 1830 δ’
426 1789 536 1829 εἰκὼν
553 1790 682 1841 μορφᾷ
701 1789 764 1828 καὶ
782 1788 1144 1841 μεγαλοφροσύναν.

278 1855 366 1896 θάεο
385 1856 458 1896 τὰν
474 1856 645 1903 πινυτὰν,
665 1854 714 1894 τό
730 1871 777 1894 τε
794 1855 976 1907 μείλιχον
996 1855 1127 1896 αὐτόθι
1145 1856 1264 1904 τήνας

332 1922 468 1973 ἔλπομ’
489 1925 592 1974 ὁρῆν·
620 1921 768 1974 χαίροις
786 1923 930 1970 πολλὰ,
951 1921 1118 1976 μάκαιρα
1136 1923 1260 1974 γύναι.

830 2048 865 2085 9.

277 2127 498 2180 Θυμαρέτας
515 2127 666 2180 μορφὰν
684 2129 705 2167 ὅ
722 2126 835 2178 πίναξ
854 2126 952 2178 ἔχει·
981 2126 1024 2166 εὖ
1041 2120 1090 2178 ’γε
1108 2119 1318 2179 τὺῖγαῦρον

327 2198 448 2246 τεῦξε,
468 2194 516 2234 τό
535 2195 566 2235 θ’
586 2196 721 2247 ὡραῖον
738 2196 808 2235 τᾶς
827 2193 1162 2247 ἆγανοβλεφάρου,

276 2263 400 2305 σαίνοι
419 2263 485 2304 κέν
503 2264 540 2304 σ’
562 2265 734 2303 ἐσιδοῖσα
753 2263 815 2303 καὶ
834 2262 1046 2315 οἰκοφύλαξ
1065 2261 1304 2303 σκυλάκαινα

329 2330 533 2371 δέσποιναν
550 2329 749 2382 μελάθρων
767 2321 921 2380 οἷομένα
938 2332 1112 2381 ποθορῆν.
