1644 2924
823 324 915 367 116

223 453 279 503 τῷ
298 451 394 504 ὀρθῷ
412 453 538 504 λογῷέ
563 450 716 504 ἀνάγκη
747 452 789 493 δὲ
817 454 881 494 καὶ
909 454 980 494 τὸν
1005 454 1194 507 φρόνησιν
1225 453 1373 506 ἔχοντα
1399 454 1509 506 ἔχειν

222 520 360 569 ἠθικὴν
379 519 534 573 ἀρετήν·
562 520 647 571 εἴγε
665 520 808 562 οἰκεῖον
823 522 877 575 τῇ
895 521 1082 574 φρονήσει
1100 521 1148 561 τὸ
1168 520 1301 572 ζητεῖν
1329 525 1410 564 πῶς
1429 522 1511 562 σ’ΐόν

222 604 271 628 τε
287 590 428 640 τυχεῖν
443 589 517 628 τοῦ
535 587 692 630 δέοντος
721 591 882 637 σκοποῦ,
912 589 959 629 ὃν
981 591 1054 637 τῆς
1082 590 1218 638 ἠθικῆς
1243 591 1383 642 ὁρίσαι”
1412 590 1511 638 αὐτὴ

222 655 301 708 γὰρ
316 657 390 704 τῆς
408 654 611 708 ὀρεκτικῆς
628 654 823 706 δυνάμεως
841 655 971 708 ἀρετ-ᾗ.
1012 657 1138 708 ταύτῃ
1167 657 1245 709 γὰρ
1263 656 1450 709 φρόνησίς
1464 673 1512 697 τε

223 723 289 764 καὶ
319 721 493 771 δεινότης
527 719 788 774 διαφέρουσιν·
813 721 841 778 ᾗ
866 723 892 772 ἦ
919 722 994 774 μὲν
1021 723 1208 776 φρόνησις
1229 728 1308 765 τῶν
1328 725 1423 777 πρὸς
1439 725 1511 764 τὸν

222 790 334 843 ὀρθὸν
363 790 513 832 σκοπὸν
544 789 743 843 φερόντων
773 791 884 831 ἐστὶν
908 791 1085 843 εὑρετική
1102 807 1150 832 τε
1169 792 1233 833 καὶ
1252 791 1457 844 ζητητική·
1483 791 1510 840 ἡ

222 857 265 899 δὲ
284 857 459 908 δεινότης
475 861 556 899 τῶν
571 858 668 911 πρὸς
683 858 755 899 τὸν
771 857 958 910 τυχόντα.

469 996 505 1034 3.
534 993 622 1045 περὶ
640 993 775 1045 ἆνδρὸς
794 993 944 1044 ἀγαθοῦ
960 994 1026 1034 καὶ
1045 993 1278 1044 εὐδαίμονος.

274 1065 429 1114 πρῶτον
461 1060 534 1111 μὲν
564 1060 619 1101 ὧν
646 1061 726 1113 χρὴ
755 1062 875 1101 τοῦτο
905 1061 1125 1111 γινώσκειν,
1145 1061 1206 1102 ὅτι
1225 1064 1246 1102 ὁ
1269 1059 1343 1112 μὲν
1368 1060 1513 1111 ἀγαθὸς

221 1130 318 1182 ἀνὴρ
336 1131 407 1170 οὐκ
427 1126 566 1170 εὐθέως
584 1127 772 1179 εὐδαίμων
803 1130 844 1180 ἐξ
873 1127 1048 1180 ἀνάγκας
1067 1131 1192 1170 ἐστίν·
1219 1132 1241 1170 ὁ
1260 1128 1302 1170 δὲ
1323 1128 1511 1180 εὐδαίμων

221 1199 286 1240 καὶ
305 1198 452 1250 ἀγαθὸς
484 1196 579 1250 ἀνήρ
611 1199 735 1238 ἐστιν·
779 1199 802 1238 ὁ
826 1197 900 1247 μὲν
927 1198 1009 1250 γὰρ
1034 1199 1220 1248 εὐδαίμων
1253 1198 1295 1249 ἐξ
1324 1191 1513 1238 ἐπαινετῶ

219 1267 284 1308 καὶ
302 1269 528 1318 μακαριστῶ
542 1265 706 1316 γίνεται.
736 1267 758 1305 ὁ
773 1264 815 1305 δὲ
835 1264 982 1316 ἀγαθὸς
1001 1265 1096 1318 ἀνὴρ
1116 1266 1157 1316 ἐξ
1176 1267 1364 1306 ἐπαινετῶ
1376 1263 1507 1315 μόνον.

222 1333 376 1385 γίνεται
402 1332 445 1374 δὲ
477 1335 499 1374 ὁ
523 1333 597 1383 μὲν
629 1331 784 1374 ἔπαινος
815 1332 875 1372 ἐπ’
905 1332 1035 1385 ἀρετᾷ,
1058 1334 1079 1372 ὁ
1106 1331 1149 1373 δὲ
1178 1332 1419 1386 μακαρισμὸς
1450 1334 1510 1372 ἐπ’

224 1402 400 1454 εὐτυχίᾳ.
441 1401 505 1441 καὶ
525 1402 546 1440 ὁ
563 1399 638 1450 μὲν
666 1399 813 1450 ἀγαθὸς
831 1399 927 1452 ἀνὴρ
945 1399 1010 1440 ἐπὶ
1026 1402 1111 1441 τοῖς
1127 1399 1232 1452 παρὰ
1245 1399 1392 1448 ταύτης
1410 1400 1509 1450 ἀγα-

222 1473 302 1512 θοῒς
319 1470 474 1521 γίνεται
490 1471 680 1509 τοιοῦτος·
709 1470 730 1508 ὁ
749 1468 782 1508 δ’
803 1468 991 1518 εὐδαίμων
1009 1468 1073 1508 καὶ
1103 1468 1168 1508 ἐπὶ
1183 1469 1268 1508 τοῖς
1285 1467 1348 1507 διὰ
1364 1466 1508 1519 τύχαν·

222 1539 286 1580 καὶ
307 1541 328 1579 ὁ
346 1537 420 1589 μὲν
449 1536 595 1588 ἀγαθὸς
621 1536 718 1588 ἀνὴρ
747 1536 1006 1588 ἀναφαίρετον
1040 1535 1126 1587 ἔχει
1158 1535 1234 1576 τὰν
1263 1535 1414 1588 ἀρετὰν,
1437 1538 1458 1576 ὁ
1477 1537 1510 1576 δ’

220 1608 409 1658 εὐδαίμων
427 1605 538 1646 ἐστὶν
556 1605 614 1645 ὅκ’
646 1603 872 1656 ἇφαιρέεται
894 1603 970 1644 τὰν
999 1603 1288 1654 εὐδαιμοσύναν.
1334 1605 1408 1644 τᾶς
1438 1604 1512 1655 μὲν

219 1676 299 1729 γὰρ
334 1675 474 1728 ἆρετᾶς
503 1671 760 1714 ἀνυπεύθυνος
789 1670 814 1712 ἆ
847 1671 1018 1723 δύναμις·
1054 1673 1128 1712 τᾶς
1164 1672 1197 1712 δ’
1236 1671 1512 1722 εὐδαιμοσύνας

220 1741 464 1793 εὐθυνομένα.
511 1740 621 1782 νόσοι
647 1756 695 1780 τε
723 1739 802 1792 ’γὰρ
831 1739 974 1792 μακραὶ
1003 1739 1183 1789 σώματος
1219 1739 1284 1780 καὶ
1321 1741 1513 1792 πηρῶσιες

225 1809 484 1863 αἰσθαταρίων
503 1810 802 1862 ἆπομαραίνοντι
820 1807 895 1848 τὰν
914 1805 1118 1848 εὐθάλειαν
1135 1809 1208 1848 τᾶς
1224 1807 1512 1858 εὐδαιμοσύνας.

277 1877 448 1931 διᾰφέρει
467 1876 508 1918 δὲ
536 1876 634 1917 Θεὸς
663 1875 846 1928 ἀνθρώπω
875 1875 1020 1926 ἀγαθῶ,
1041 1874 1103 1915 ὅτι
1121 1875 1219 1916 Θεὸς
1236 1874 1310 1925 μὲν
1330 1877 1375 1916 οὐ
1392 1875 1513 1926 μόνον

223 1948 410 2000 εἰλικρινῆ
437 1946 502 1987 καὶ
533 1942 784 1995 διυλισμέναν
814 1942 902 1994 ἔχει
930 1943 1006 1983 τὰν
1028 1942 1170 1994 ἀρετὰν
1199 1943 1275 1982 ἀπὸ
1293 1943 1440 1984 παντὸς
1456 1946 1513 1983 τῶ

222 2017 348 2056 θνατῶ
367 2013 521 2062 πάθεος,
543 2012 653 2053 ἀλλὰ
671 2011 735 2052 καὶ
752 2010 828 2051 τὰν
846 2009 1005 2061 δύναμιν
1021 2011 1142 2052 αὐτᾶς
1159 2011 1325 2063 ἄτρυτον
1342 2010 1513 2052 πέπαται

226 2083 290 2124 καὶ
309 2080 579 2128 ἀνυπεύθυνον,
600 2080 651 2120 ὥς
684 2078 779 2131 πρὸς
811 2079 971 2120 αἰωνίων
996 2079 1121 2132 ἔργων
1138 2079 1364 2130 σεμνότητά
1381 2096 1428 2121 τε
1447 2081 1511 2121 καὶ

221 2146 576 2200 μεγαλοπρέπειαν·
605 2147 800 2198 ἅνθρωπος
813 2146 845 2186 δ’
858 2147 902 2186 οὐ
915 2145 1036 2196 μόνον
1052 2148 1110 2198 τῷ
1124 2147 1250 2198 θνατῷ
1267 2149 1340 2196 τῆς
1359 2147 1514 2198 φύσεως

221 2214 496 2266 καταστάματι
528 2213 665 2265 μείονα
691 2212 841 2254 ταύταν
872 2212 1055 2263 πέπαται,
1093 2213 1180 2254 ἔστι
1199 2217 1232 2254 δ’
1254 2215 1354 2255 ὅκκα
1373 2214 1436 2255 καὶ
1465 2216 1512 2254 δι’

224 2286 382 2336 ἀγαθῶν
399 2281 596 2335 ἀμετρίαν,
618 2281 683 2322 καὶ
713 2281 776 2321 διὰ
805 2280 1012 2329 συνήθειαν
1031 2281 1208 2335 ἰσχυρὰν,
1230 2282 1294 2323 καὶ
1313 2282 1375 2323 διὰ
1393 2280 1513 2334 φύσιν

222 2351 436 2403 μοχθηρὰν,
457 2350 521 2390 καὶ
540 2351 586 2389 δι’
609 2349 739 2390 ἄλλας
757 2346 882 2389 αἰτίας
895 2348 1065 2399 πολλὰς,
1084 2349 1269 2390 ἀδυνατεῖ
1284 2352 1370 2391 κατ’
1393 2350 1512 2401 ἄκρας

222 2419 465 2470 γενναθῆμέν
483 2415 736 2458 παναλαθέως
755 2414 910 2467 ἀγαθός.
