1644 2924
857 334 935 376 221

353 463 399 502 οὗ
415 461 489 513 μὲν
508 461 570 502 ἐπὶ
589 461 781 515 κνήμῃσιν
801 461 1000 514 ἂχαλκέες
1020 461 1159 513 ἔξεχον
1178 462 1310 509 ὁπλαί,

351 529 574 587 μαρμαρέης
592 530 624 569 δ’
646 529 826 571 ἑλίκεσσι
845 529 1155 582 κατεσφήκωντο
1174 530 1368 581 χελώνης,

355 595 571 648 ἁπτόμεναι
588 596 736 637 πεδίοιο
753 596 871 648 μόγις
889 597 1154 650 κρατερώνυχι
1170 597 1325 648 χαλκῷ.

354 665 553 713 κληΐστὴν
569 663 643 715 μὲν
661 664 776 713 ἔθηκε
796 664 913 717 θύρην
931 665 995 705 καὶ
1015 663 1190 714 κλίμακα
1207 661 1366 711 τυκτήν,

353 730 380 779 ἦ
397 729 471 781 μὲν
489 731 602 780 ὅπως,
624 730 786 779 ἀΐδηλος
806 732 868 771 ἐπὶ
887 732 1060 784 πλευρῇς
1080 731 1249 783 ἀραρυῖα,

357 798 450 839 ἔνθα
467 799 533 840 καὶ
552 798 644 839 ἔνθα
662 797 804 851 φέρῃσι
823 799 953 851 λόχον
972 797 1232 839 κλυτόπωλον
1249 798 1434 849 Ἀχαιῶν·

355 865 382 914 ἡ
402 867 434 905 δ’
451 866 517 906 ἵνα
534 865 706 916 λυομένη
723 882 770 906 τε
790 866 855 906 καὶ
875 866 1042 916 ἔμπεδον
1062 865 1116 907 εἷς
1135 865 1178 906 ἓν
1197 865 1321 913 ἰοῦσα,

357 933 417 982 εἴη
435 923 532 985 σφιν
550 932 788 985 καθύπερθεν
806 933 895 974 ὁδὸς
915 933 979 973 καὶ
999 932 1131 985 νέρθεν
1149 932 1318 984 ὄροῦσαι,

357 1002 456 1054 ἀμφὶ
476 1001 522 1042 δέ
536 1018 603 1052 μιν
620 1004 778 1042 λευκοῖο
798 1002 886 1042 κατ’
906 1001 1073 1054 αὐχένος
1092 999 1162 1049 ἠδὲ
1180 1000 1342 1051 ’γενείων

359 1071 493 1110 ἄνθεσι
511 1068 762 1122 πορφυρέοισι
779 1069 888 1122 πέριξ
908 1068 1053 1120 ἔζωσεν
1073 1068 1253 1119 ἱμάντων,

360 1137 424 1177 καὶ
444 1137 609 1190 σκολιῇς
629 1135 833 1177 ἑλίκεσσιν
852 1137 1081 1188 ἆναγκαίοιο
1099 1137 1280 1188 χαλινοῦ,

359 1205 566 1252 κολλήσας
585 1202 775 1256 ἐλέφαντι
793 1205 858 1244 καὶ
878 1203 1123 1256 ἆργυροδίνεῖ
1138 1204 1292 1255 χαλκῷ.

360 1270 482 1323 αὐτὰρ
501 1270 634 1318 ἐπειδὴ
652 1268 783 1310 πάντα
801 1269 926 1321 κάμεν
942 1270 1145 1321 μενεδήῖον
1161 1271 1292 1318 ἵππον,

360 1337 509 1378 κύκλον
529 1337 739 1388 ἐῦκνήμιδα
755 1340 885 1378 ποδῶν
905 1337 1096 1386 ὑπέθηκεν
1116 1335 1283 1388 ἑκάστῳ,

361 1404 575 1455 ἑλκόμενος
592 1404 784 1446 πεδίοισιν
803 1405 904 1445 ὅπως
922 1404 1116 1452 πειθήνιος
1136 1405 1207 1452 εἴη,

361 1472 460 1523 μηδὲ
479 1471 746 1526 βιαζομένοισι
765 1471 1014 1522 δυσέμβατον
1032 1471 1142 1522 οἶμον
1161 1471 1286 1524 ὃδεύῃ.

415 1541 466 1581 ὣς
485 1542 507 1580 ὁ
524 1539 598 1590 μὲν
618 1539 862 1592 ε’ξήστραπτε
881 1540 995 1591 φόβῳ
1014 1539 1078 1579 καὶ
1098 1538 1246 1579 κάλλεϊ
1261 1539 1413 1588 πολλῷ,

363 1605 473 1659 εὐρύς
492 1607 524 1646 θ’
545 1605 695 1658 ὑψηλός
713 1619 773 1646 τε·
799 1606 871 1647 τὸν
890 1605 981 1646 οὐδέ
998 1622 1067 1646 κεν
1085 1605 1308 1657 ἀρνήσαιτο,

364 1674 404 1713 εἴ
415 1689 483 1724 μιν
501 1672 599 1724 ζωὸν
617 1672 792 1724 ἔτετμεν,
816 1672 1029 1723 ἐλαυνέμεν
1045 1674 1177 1713 ἵππιος
1188 1672 1320 1724 ''Apus-

365 1740 464 1791 ἀμφὶ
484 1739 530 1780 δέ
544 1756 609 1790 μιν
623 1739 730 1790 μέγα
747 1742 884 1790 τεῖχος
905 1739 1093 1788 ἐλήλατο,
1113 1739 1168 1789 μή
1187 1755 1247 1780 τις
1265 1740 1436 1790 Ἀχαιῶν
1455 1774 1457 1779 ⁴

365 1807 456 1860 πρίν
472 1825 538 1858 μιν
558 1807 796 1860 ἐσαθρήσειε,
819 1807 938 1848 δόλον
957 1809 989 1847 δ’
1010 1806 1234 1848 ἄνάπυστον
1253 1804 1391 1859 ἀνάψῃ.

367 1876 405 1915 οἷ
423 1873 478 1923 δὲ,
499 1873 727 1923 Μυκηναίης
743 1873 1035 1925 Ἀγαμέμνονος
1055 1873 1195 1924 ἐγγύθι
1213 1872 1315 1921 νηός,

363 1945 473 1983 λαῶν
490 1941 706 1994 ὀρνυμένων
725 1942 870 1992 ὅμαδον
888 1942 954 1982 καὶ
973 1943 1076 1991 κῦμα
1094 1939 1302 1991 φυγόντες,

367 2011 408 2066 ἐς
426 2009 580 2057 βουλὴν
597 2011 792 2057 βασιλῆες
811 2008 1084 2056 ἀολλίσθησαν
1101 2009 1282 2058 Ἀχαιῶν.

365 2075 392 2124 ἡ
412 2074 466 2124 δέ,
486 2075 780 2127 τανυφθόγγοιο
800 2075 918 2125 δέμας
936 2074 1100 2126 κήρυκος
1120 2076 1279 2122 ἑλοῦσα,

369 2140 632 2194 συμφράδμων
650 2142 816 2189 Ὀδυσῆΐ
830 2140 1049 2193 παρίστατο
1069 2142 1192 2193 θοῦρις
1209 2140 1364 2189 Ἀθήνη,

369 2208 505 2262 ἀνδρὸς
524 2209 756 2260 ἐπιχρίουσα
772 2207 962 2261 μελίχροῖ
977 2206 1132 2260 νέκταρι
1152 2207 1294 2259 φωνήν.

371 2276 492 2329 αὐτὰρ
511 2279 544 2326 ὃ,
565 2275 783 2329 δαιμονίῃσι
802 2275 892 2316 νόον
908 2277 1104 2328 βουλῇσιν
1123 2270 1307 2324 ἑλίσσων,

369 2347 503 2396 πρῶτα
519 2342 593 2394 μὲν
612 2343 786 2401 εἱστήκει
805 2342 1030 2395 κενεόφρονι
1049 2343 1149 2393 φωτὶ
1171 2343 1313 2391 ἐοικώς,

373 2412 545 2463 ὄμματος
563 2411 796 2464 ἀστρέπτοιο
815 2411 945 2460 βολὴν
965 2411 1027 2452 ἐπὶ
1046 2413 1164 2462 ’γαῖαν
1182 2410 1345 2464 ἐρείσας·
