1644 2924
747 288 1011 322 APPENDIX.

232 399 261 450 ᾧ
279 399 373 440 τάδε
393 401 498 442 εἴδεα
519 401 647 443 πάντα
670 406 741 444 τοῦ
772 402 926 446 ἐνόντος
946 405 1171 446 ἐνδέδασται
1191 408 1253 447 καὶ
1271 408 1336 448 ταὶ
1356 410 1508 458 συμπᾶ-

234 466 302 507 σαί
318 485 364 508 τε
382 472 460 509 τῶν
485 468 684 520 ὀνομάτων
714 470 759 512 τὲ
790 472 854 512 καὶ
884 471 1076 524 ῥημάτων·
1103 475 1185 515 τοῖς
1202 473 1275 524 μὲν
1291 475 1368 527 γὰρ
1387 475 1511 527 φθόγ-

230 551 316 586 γοις
334 539 406 578 τᾶς
416 539 546 590 φωνᾶς
562 537 682 580 τόπος
698 539 913 594 ἆφῶρισται
925 540 1078 593 φάρυγξ
1090 541 1156 582 καὶ
1171 542 1300 593 στόμα
1317 543 1381 583 καὶ
1398 543 1510 595 ῥίνες.

232 604 362 656 ὥσπερ
380 603 421 644 δὲ
441 607 520 646 τῶν
537 604 734 657 φθόγγων.
766 607 812 648 δι’
840 607 893 648 ὧν
923 607 975 648 τὰ
1008 607 1179 659 ὀνόματά
1206 625 1252 649 τε
1279 609 1343 650 καὶ
1361 608 1514 662 ῥήματα

232 670 460 721 σημαίνεται
491 671 661 723 γε’γονεν
693 674 887 726 ἄνθρωπος
920 674 1100 726 ὄργανον·
1136 676 1235 716 οὕτω
1266 675 1308 716 δὲ
1339 677 1402 717 καὶ
1434 681 1512 718 τῶν

233 737 434 790 νοημάτων
467 742 509 780 ἐν
545 742 626 782 τοῖς
663 741 866 782 ἐοντέσσιν
901 741 1177 793 ὄπτιζομένοις·
1219 743 1335 795 ἔργον
1371 744 1513 796 σοφίας

231 809 348 847 τοῦτο
375 810 484 848 δοκεῖ
503 824 568 858 μοι
598 807 697 859 ἦμεν
728 812 812 849 ποθ’
852 809 945 860 ὅπερ
974 810 1039 850 καὶ
1067 809 1212 861 γε’γονε
1242 811 1307 851 καὶ
1342 812 1513 853 συνέστα

232 878 253 914 ὅ
272 875 466 926 ἅνθρωπος
485 876 548 916 καὶ
569 875 716 926 ὄργανά
732 891 778 916 τε
797 876 861 916 καὶ
880 874 1057 927 δυνάμεις
1073 877 1214 929 εἴληφε
1232 879 1335 928 παρὰ
1351 882 1407 919 τῶ
1426 883 1509 920 θεῶ.

285 941 429 992 γέγονε
446 944 512 983 καὶ
531 943 702 984 συνέστα
721 946 741 984 ὃ
761 945 953 996 ἅνθρωπος
971 944 1094 985 ποττὸ
1109 947 1296 997 θεωρῆσαι
1308 946 1514 998 τὸνλόγον

231 1011 301 1050 τᾶς
319 1013 374 1050 τῶ
394 1010 474 1051 ὅλω
493 1010 642 1062 φύσιος,
663 1012 726 1051 καὶ
745 1013 816 1052 τᾶς
837 1011 977 1063 σοφίας
996 1012 1048 1053 ὢν
1067 1012 1183 1065 ἔργον
1201 1013 1264 1053 καὶ
1284 1013 1422 1066 θεωρὲν
1438 1014 1512 1054 τὰν

229 1081 307 1117 τῶν
327 1078 468 1119 ἐόντων
482 1079 682 1131 φρόνασιν·
711 1083 733 1107 *
765 1083 788 1108 ¹⁵
821 1080 854 1119 εἷ
871 1080 948 1132 γὰρ
967 1083 988 1120 ὁ
1003 1080 1048 1120 τὲ
1068 1081 1190 1131 λόγος
1214 1083 1286 1121 τοῦ
1315 1081 1511 1134 ἀνθρώπου

228 1147 454 1197 θεωρητικὸς
471 1146 580 1187 ἔστιν
600 1148 641 1187 ἐν
658 1148 713 1198 τῷ
732 1147 842 1198 λόγῳ
860 1149 931 1189 τᾶς
948 1151 1004 1188 τῶ
1023 1149 1133 1198 λόγω
1153 1148 1290 1200 φύσιος
1310 1149 1373 1189 καὶ
1393 1149 1418 1197 ἡ
1437 1164 1503 1190 σο-

227 1214 298 1264 φία
307 1216 378 1254 τοῦ
390 1214 586 1267 ανθρώπου
594 1216 803 1267 κατορᾶται
815 1216 878 1256 καὶ
891 1218 1025 1267 θεωρεῖ
1031 1216 1104 1256 τὰν
1116 1219 1195 1256 τῶν
1210 1214 1350 1256 ἐόντων
1361 1214 1501 1268 φρόνα-

228 1297 301 1329 σιν,
323 1283 418 1331 ὖμοῦ
431 1280 504 1331 μὲν
523 1281 816 1332 δμολογουμένη
837 1281 937 1323 οὖσα
952 1282 1218 1323 ἀποδέδεικται
1235 1285 1306 1331 τῆς
1321 1286 1510 1335 ,μεριστῆς

225 1350 296 1388 τοῦ
314 1348 440 1399 λόγου
458 1349 522 1389 καὶ
540 1352 612 1398 τῆς
629 1351 701 1389 τοῦ
719 1349 815 1389 ὅλου
833 1350 967 1401 νοερᾶς
986 1349 1136 1400 φύσιος.

278 1415 303 1455 ἅ
323 1416 444 1468 σοφία
462 1418 507 1457 οὗ
525 1417 611 1469 περὶ
629 1417 668 1457 τὶ
698 1416 964 1469 ἀφωρισμένον
992 1415 1034 1456 ἕν
1061 1433 1100 1457 τι
1129 1420 1207 1457 τῶν
1238 1416 1391 1466 ἐόντων,
1415 1419 1508 1459 ἀλλ’

227 1484 360 1524 ἇπλῶς
378 1485 465 1536 περὶ
483 1483 612 1525 πάντα
629 1485 680 1524 τὰ
701 1483 826 1525 ἐόντα.
874 1484 940 1524 καὶ
972 1487 1034 1524 δεῖ
1053 1486 1107 1535 μὴ
1125 1485 1280 1537 πρώταν
1300 1485 1421 1525 αὐτὰν
1437 1486 1509 1527 τὰς

224 1553 348 1604 ἀρχὰς
368 1554 487 1593 αὐτᾶς
505 1551 742 1605 ἆνεύρεσθαι,
763 1552 870 1592 ἀλλὰ
887 1551 959 1592 τὰς
977 1551 1108 1593 κοινὰς
1124 1555 1204 1592 τῶν
1223 1551 1364 1592 ἐόντων
1383 1552 1503 1594 ἀπάν-

222 1637 300 1660 των
319 1618 452 1671 ἆρχάς.
502 1620 600 1659 οὕτω
627 1618 704 1670 γὰρ
731 1618 817 1671 ἔχει
847 1619 987 1671 σοφίας
1005 1618 1092 1671 περὶ
1106 1617 1235 1660 πάντα
1252 1619 1304 1660 τὰ
1323 1619 1440 1661 ἐόντα
1454 1621 1508 1661 ὧν

223 1688 393 1729 καθόλου
410 1689 508 1728 πᾶσι
527 1686 810 1738 συμβεβηκότα
829 1686 982 1728 συνιδὲν
1013 1688 1078 1727 καὶ
1107 1687 1246 1740 θεωρὲν
1270 1690 1343 1730 τᾶς
1362 1689 1505 1740 σοφίας

222 1757 376 1796 οἰκεῖον·
404 1755 468 1796 καὶ
486 1755 548 1795 διὰ
562 1757 680 1796 τοῦτο
698 1755 820 1807 σοφία
837 1755 908 1797 τὰς
925 1758 1004 1796 τῶν
1023 1755 1165 1796 ἐόντων
1181 1754 1361 1798 ἁπάντων
1379 1757 1503 1810 ἀρχὰς

221 1823 447 1875 ἀνευρίσκει.

273 1891 382 1931 ὅστις
400 1890 453 1930 ὧν
470 1890 662 1931 ἀναλῦσαι
680 1889 759 1931 οἷός
787 1906 833 1930 τε
864 1892 949 1931 ἐστι
966 1889 1095 1931 πάντα
1111 1890 1163 1930 τὰ
1180 1889 1301 1940 γένεα
1320 1890 1391 1930 ὑπὸ
1409 1892 1501 1941 μίαν

219 1957 263 1998 τὲ
283 1958 347 1998 καὶ
365 1957 439 1997 τὰν
457 1958 579 1997 αὐτὰν
596 1957 732 2009 ἀρχὰν,
754 1957 819 1997 καὶ
836 1955 957 1997 πάλιν
974 1957 1166 1997 συνθεῒναὶ
1183 1974 1229 1997 τε
1248 1958 1312 1998 καὶ
1324 1963 1498 2010 συναριθ-

216 2025 427 2074 μήσασθαι,
448 2025 561 2066 οὗτος
579 2027 689 2065 δοκεῖ
701 2041 767 2075 μοι
785 2025 849 2065 καὶ
869 2025 1097 2075 σοφώτατος
1113 2024 1212 2074 ἦμεν
1239 2025 1303 2065 καὶ
1321 2033 1497 2074 παναλη-

218 2091 417 2132 θέστατος.
468 2091 525 2131 ἔτι
544 2090 586 2131 δὲ
605 2091 669 2130 καὶ
685 2090 812 2131 καλὰν
830 2089 997 2130 σκοπιὰν
1013 2088 1212 2140 εὗρηκέναι
1231 2091 1298 2143 ἀφ’
1321 2089 1367 2132 ἇς
1385 2094 1497 2132 δυνα-

216 2160 283 2199 τὸς
304 2160 478 2198 ἐσσεῖται
496 2159 567 2198 τὸν
586 2158 674 2198 θεὸν
692 2160 954 2209 κατοψεῖσθαι,
976 2157 1040 2197 καὶ
1058 2156 1187 2197 πάντα
1203 2157 1255 2198 τὰ
1273 2157 1315 2198 ἔν
1331 2159 1383 2209 τᾷ
1402 2173 1497 2199 συσ-

216 2224 371 2277 τοιχεία
389 2225 453 2265 καὶ
471 2223 578 2275 τάξει
605 2225 656 2264 τὰ
689 2225 840 2265 ἐκείνου
858 2224 1243 2275 κατακεχωρισμένα,
1264 2226 1327 2265 καὶ
1354 2225 1501 2267 ταύταν

218 2292 491 2344 ἁρματήλατον
513 2291 600 2332 ὁδὸν
622 2290 931 2344 ἐκπορισάμενος,
952 2293 1008 2342 τῷ
1027 2291 1100 2343 νόῳ
1121 2294 1204 2333 κατ’
1221 2294 1371 2333 εὐθεῖαν
1382 2296 1496 2343 ὅρμα-

216 2364 324 2408 θῆναι
351 2361 413 2401 καὶ
433 2361 728 2411 τελοδρομῆσαι,
749 2359 819 2401 τὰς
845 2360 969 2413 ἀρχὰς
994 2363 1075 2401 τοῖς
1101 2359 1239 2412 πέρασι
1274 2361 1499 2412 συνάψαντα

1616 0 1644 507 1

1631 663 1644 1174 1

1630 1188 1644 1260 ἃ

1634 1260 1644 1298 Ἰ,Ι
