1644 2924
867 278 928 320 28

864 470 929 507 42.

360 536 460 590 φημὶ
480 535 633 584 Γέλων’,
653 534 815 588 Ἱέρωνα,
837 533 1082 586 Πολύζηλον,
1103 533 1385 587 Θρασύβουλον

412 607 552 646 παῖδας
570 602 822 654 Δεινομένευς
838 603 910 644 τὸν
926 602 1073 656 τρίποδ’
1093 602 1306 653 ἂνθέμεναι,

362 677 403 727 ἐξ
422 677 564 716 ἑκατὸν
580 677 724 727 λιτρῶν
741 674 806 714 καὶ
823 673 1071 722 πεντήκοντα
1087 672 1295 714 ταλάντων

413 741 606 794 Δαρετίου
622 743 784 794 χρυσοῦ,
804 742 876 782 τᾶς
895 738 1061 781 δεκάτας
1079 739 1258 788 δεκάταν,

360 809 541 864 βάρβαρα
558 809 793 858 νικήσαντας
812 809 916 857 ἔθνη·
942 808 1101 856 πολλὴν
1119 807 1160 848 δὲ
1180 810 1401 860 παρασχεῖν

414 877 625 930 σύμμαχον
633 875 834 926 ’Ἕλλησιν
851 876 951 928 χεῖρ’
972 877 1012 916 ἐς
1031 874 1262 928 ἐλευθερίην.

863 1014 929 1051 43.

363 1084 404 1134 ἐξ
423 1080 468 1122 οῧ
486 1082 526 1133 γ’
546 1082 731 1134 Εὐρώπαν
747 1078 883 1121 Ἀσίας
901 1079 997 1131 δίχα
1013 1078 1157 1119 πόντος
1175 1078 1313 1128 ἔνειμε,

415 1149 480 1190 καὶ
497 1148 694 1199 πολέμους
712 1151 862 1189 θνατῶν
879 1149 1012 1199 θοῦρος
1021 1145 1143 1198 Ἄρης
1162 1145 1310 1198 ἐφέπει,

362 1214 511 1267 οὐδαμά
527 1232 587 1256 πω
606 1214 774 1256 κάλλιον
793 1213 1024 1267 ἐπιχθονίων
1041 1212 1172 1264 γένετ’
1192 1213 1338 1264 ἀνδρῶν

417 1284 533 1338 ἔργον
552 1286 594 1324 ἐν
609 1282 751 1334 ἠπείρῳ
771 1283 835 1323 καὶ
855 1282 956 1322 κατὰ
973 1280 1118 1322 πόντον
1137 1279 1225 1330 ἅμα.

362 1353 444 1394 οἵδε
461 1352 539 1405 γὰρ
559 1353 601 1391 ἐν
618 1351 712 1404 γαίῃ
734 1350 877 1398 Μήδων
893 1349 1070 1389 πολλοὺς
1089 1347 1314 1395 ὀλέσαντες,

414 1419 598 1460 Φοινίκων
616 1417 758 1458 ἑκατὸν
775 1418 867 1457 ναῦς
886 1414 980 1455 ἕλον
999 1417 1042 1455 ἐν
1058 1413 1229 1464 πελάγει

361 1489 507 1540 ἀνδρῶν
524 1485 764 1535 πληθούσας·
790 1483 897 1535 μέγα
915 1484 947 1523 δ’
971 1482 1132 1523 ἔστενεν
1148 1482 1258 1522 Ἀσὶς
1276 1482 1338 1521 ὑπ’
1359 1483 1484 1522 αὐτῶν

414 1553 603 1605 πληγεῖσ’
623 1550 858 1605 ἀμφοτέραις
875 1550 1004 1603 χερσὶ,
1025 1547 1159 1602 κράτει
1177 1548 1363 1599 πολέμου.

867 1689 933 1727 44.

361 1759 442 1799 οἵδε
460 1757 548 1810 παρ’
568 1755 825 1809 Εὗρυμέδοντί
841 1755 930 1795 ποτ’
950 1753 1105 1805 ἀγλαὸν
1123 1755 1280 1793 ὤλεσαν
1297 1753 1401 1801 ἥβην

414 1824 649 1878 μαρνάμενοι
667 1823 810 1872 Μήδων
826 1821 1048 1874 τοξοφόρων
1064 1819 1282 1873 προμάχοις

365 1893 567 1946 αἰχμηταὶ,
584 1891 696 1943 πεζοί
712 1907 759 1932 τε
779 1890 843 1930 καὶ
862 1888 1067 1941 ὠκυπόρων
1086 1888 1149 1927 ἐπὶ
1168 1891 1282 1935 νηῶν·

418 1959 639 2001 κάλλιστον
657 1959 689 1999 δ’
710 1958 850 2011 ἀρετῆς
867 1956 983 2007 μνῆμ’
1005 1955 1141 1996 ἔλιπον
1159 1956 1344 2007 φθίμενοι.

871 2093 935 2130 45.

363 2166 486 2206 τῶνδε
503 2161 603 2203 ποτὲ
619 2159 817 2214 στέρνοισι
832 2159 1134 2209 τανυγλωχΐνας
1151 2156 1306 2197 ὀϊστοὺς

418 2233 564 2272 λοῦσεν
582 2228 770 2280 Φοινίσσᾳ
788 2229 920 2279 θοῦρος
931 2225 1053 2277 ’Άρης
1070 2222 1219 2276 ψεκάδι.

366 2298 453 2339 ἀντὶ
471 2298 503 2338 δ’
523 2293 789 2337 ἆκοντοδόκων
806 2293 952 2345 ἀνδρῶν
969 2293 1136 2342 μνημεῖα
1153 2290 1347 2332 θανόντων

419 2364 539 2418 ἄψυχ’
560 2361 746 2416 ἐμψύχων
764 2359 832 2402 ἅδε
852 2359 1010 2402 κέκευθε
1029 2358 1140 2400 κόνις.
