1644 2924
851 256 914 310 92

285 387 324 426 ἐς
342 383 462 436 μόθον
482 383 725 434 ἐκκαλέεσκε
743 385 891 438 Τρώων,
913 385 955 426 ὅς
974 399 1020 425 κε
1039 384 1214 434 θέλησιν,

282 451 396 493 ἀντία
413 450 661 503 τοξάζεσθαι·
686 454 804 505 μοῖρα
820 451 864 494 δὲ
883 452 1074 504 δύσπαριν
1091 450 1204 503 ἦγεν,

282 519 325 560 ὅς
340 518 390 572 ῥά
406 535 454 560 τε
471 517 654 572 νηπιέῃσι
673 518 884 561 καταντίον
901 520 1026 568 ἤλυθε
1044 521 1143 560 τοῖο.

277 587 366 635 ἤτοι
383 586 461 638 ’γὰρ
479 585 603 632 βέλος
620 584 705 635 ἧκε,
722 586 971 634 Φιλοκτήταο
991 586 1024 626 δ’
1044 585 1206 639 ἅμαρτε.

279 653 401 706 αὐτὰρ
418 653 440 693 ὃ
461 653 644 706 δεύτερον
663 653 877 704 ἐσσυμένος
895 652 1087 706 προέηκεν
1107 653 1255 703 ὀϊστὸν,

277 720 342 760 καὶ
358 718 463 766 βάλε
479 735 548 770 μιν
565 721 768 773 πρώτιστα
785 720 857 761 ἱεὶς
874 721 991 769 λαιὴν
1010 720 1114 761 κατὰ
1131 722 1258 773 χεῖρα.

277 786 460 839 δεύτερον
479 786 528 828 αὖ
546 786 693 839 ἐφέηκε
712 787 777 828 καὶ
798 787 972 839 ὄμματος
991 787 1143 835 ἔκβαλε
1161 787 1320 838 ’γλήνην

278 855 486 908 δεξιτερὴν,
507 854 705 905 γοόωντος
724 854 767 895 δὲ
785 855 920 906 τρίτον
937 852 1034 902 ἧκεν
1053 853 1200 904 ὀϊστὸν,

278 923 342 963 καὶ
361 920 491 969 βάλεν
509 923 589 962 οὐδ’
609 921 839 975 ἀφάμαρτεν
858 921 922 962 ἐπὶ
942 922 1142 974 σφυρίοισι
1157 921 1331 971 τιτήνας.

275 991 348 1030 τὸν
366 988 408 1029 δὲ
427 992 554 1042 Τρῶες
572 990 715 1041 ἄειραν,
735 988 846 1030 νυκτὶ
866 987 910 1029 δὲ
927 987 1096 1029 κάτθανε
1112 987 1256 1041 μέσσῃ.

278 1057 352 1097 σὺν
370 1059 403 1096 δ’
426 1056 499 1109 ἄρα
515 1058 600 1096 τοῖο
619 1056 720 1107 ’γυνὴ
739 1054 909 1108 προτέρη
929 1053 1020 1097 θάνε
1040 1055 1194 1108 φίλτρῳ
1213 1056 1376 1106 ἐκείνου,

277 1124 303 1173 ἢ
321 1123 422 1176 πυρὶ,
443 1126 494 1164 ὥς
510 1125 531 1164 ὁ
552 1123 716 1164 Κόϊντος
734 1123 760 1172 ἢ
778 1125 830 1165 ὥς
845 1123 1070 1177 Λυκόφρων,
1091 1123 1168 1164 ἀπὸ
1185 1123 1348 1177 πύργου,

275 1191 301 1241 ἢ
319 1189 471 1244 βρόχον
489 1189 680 1242 ἁψαμένη,
700 1192 751 1232 ὥς
769 1189 912 1231 Δίκτυῖ
929 1191 1046 1231 εἴδετ’
1066 1191 1237 1243 ἄριστον.

277 1257 446 1299 κάτθανε
465 1261 496 1298 δ’
519 1257 590 1299 οὖν
609 1258 721 1306 αὐτὴ,
742 1258 810 1298 εἴθ’
833 1259 956 1299 οὕτως
974 1259 1045 1298 εἴτ’
1067 1258 1125 1311 ἄρ’
1147 1258 1314 1300 ἐκείνως.

278 1325 482 1378 Δηΐφοβος
498 1325 530 1365 δ’
550 1323 712 1374 Ἑλένης
730 1324 847 1366 πόσις
865 1324 1013 1366 ἔπλετο
1031 1326 1314 1378 Τυνδαρεώνης·

277 1394 304 1442 ἥ
321 1394 354 1446 ῥ’
375 1392 570 1434 ἀέκουσαν
589 1394 704 1442 ἑλὼν,
726 1393 807 1433 εἴτε
827 1391 1012 1444 Πριάμοιο
1033 1391 1252 1446 φράδαισιν.

330 1462 502 1512 Ἀργεῖοι
520 1461 553 1500 δ’
572 1462 623 1502 ὡς
639 1460 795 1512 χάρμης
814 1459 947 1511 οὐκέτι
964 1459 1124 1511 δέρκετο
1141 1460 1277 1512 τέρμα,

277 1526 383 1568 αὖθις
401 1527 601 1568 Ὀδυσσέα
618 1527 768 1580 Τρωσὶν
787 1525 1003 1568 ἐπίσκοπον
1021 1526 1122 1575 ἧκαν
1141 1529 1184 1567 ἐν
1203 1527 1338 1580 ὄρφνῃ.

276 1593 422 1635 ἕσπετο
441 1594 507 1634 καὶ
525 1594 723 1642 Τυδείδης·
748 1593 877 1646 Τρωσὶ
895 1592 938 1634 δὲ
954 1593 1099 1646 μίχθεν
1118 1593 1257 1636 ἰόντες.

275 1664 313 1703 οἱ
330 1662 373 1703 δὲ
392 1665 540 1703 θεοῖσιν
557 1661 703 1714 ἔρεζον,
720 1664 795 1714 πῦρ
814 1662 846 1702 δ’
867 1663 912 1702 οὗ
931 1660 1066 1702 καίετο
1086 1663 1186 1714 ἱρῶν,

274 1733 416 1780 βωμῶν
434 1730 466 1769 δ’
487 1729 536 1770 αὖ
554 1728 771 1770 κατέπιπτε
788 1732 895 1776 βοῶν
910 1745 957 1769 τε
975 1728 1070 1782 κρέα
1088 1730 1154 1770 καὶ
1173 1730 1305 1781 αἰγῶν.

273 1800 398 1850 Τρῶες
417 1799 450 1837 δ’
471 1798 521 1838 ὧς
537 1796 705 1845 ἐνόησαν
723 1796 887 1837 ἀπαίσια
905 1795 1063 1847 σήματα
1082 1797 1182 1849 ἴρῶν,

272 1865 466 1916 Ἀργείοις
483 1863 700 1917 Ἀντήνορα
715 1862 895 1915 πρεσβέα
912 1865 995 1904 δῖον
1013 1862 1146 1913 ἕηκαν,

273 1932 431 1982 εἵπεμεν
449 1931 663 1984 Ἀτρείδαις
681 1931 746 1972 καὶ
765 1931 950 1972 ἄλλοισιν
968 1932 1191 1979 Δαναοῖσιν,

273 1998 457 2052 Ἀργείην
474 1997 639 2047 Ἑλένην
657 1998 722 2039 καὶ
739 1997 927 2052 χρήματα
943 1997 1079 2038 πολλὰ
1096 1995 1293 2043 λαβόντες

271 2064 497 2106 παύσασθαι
514 2065 717 2116 πολέμοιο·
745 2064 834 2106 ἅλις
850 2066 1052 2114 τετίηνται
1069 2068 1205 2118 Τρῶες.

326 2132 377 2174 ὡς
395 2135 416 2172 ὁ
433 2130 508 2184 μὲν
527 2131 635 2173 εἶπεν
653 2134 840 2180 ἐπελθῶν,
860 2132 898 2172 οἱ
915 2132 947 2171 δ’
968 2130 1180 2172 ἐθέλεσκον
1197 2132 1364 2184 Ἀχαιοί.

273 2199 367 2240 ἀλλ’
387 2198 575 2239 Ὀδυσεὺς
593 2197 776 2248 Τυδείδης
791 2214 840 2238 τε
857 2197 1070 2251 κατέρυξαν
1087 2198 1223 2248 ἰόντες,

275 2265 421 2319 φάντες
439 2266 516 2307 ὅσα
532 2266 708 2321 Τρώεσσι
723 2264 956 2318 μεμιγμένοι
974 2266 1139 2319 ἔννυχον
1158 2267 1272 2308 εἶδον.

274 2335 331 2385 τῷ
349 2332 498 2376 πάντας
516 2327 730 2387 κατέρυξαν
749 2334 893 2376 ἐτώσια
910 2332 1077 2387 πρέσβιν
1094 2334 1232 2376 ἵεντες.
