1644 2924
815 273 878 323 74

255 407 319 448 καὶ
336 406 414 460 γὰρ
431 405 687 457 ὂῒστοφόρους
704 403 808 456 παρὰ
825 402 948 454 δεξιὸν
967 401 1078 455 ἕρκος
1098 402 1223 451 ἕηκεν,

254 474 422 515 ὁπλίτας
440 475 472 514 δ’
493 471 689 525 ἑκάτερθε,
709 470 888 522 σιδήρεον
907 470 1068 521 ἔμμεναι
1088 469 1207 523 ἕρκος.

223 536 241 550 Φ
253 541 345 595 ἦρξε
363 541 405 582 δὲ
423 539 646 592 τοξοφόρων
663 539 809 592 ἄνδρων
826 537 946 590 Πάρις
964 537 1035 586 ἠδὲ
1052 536 1224 585 Λυκάων,

254 610 350 662 πρὸς
368 610 400 650 δ’
411 608 580 650 Ἕλενος
599 607 663 648 καὶ
682 605 866 657 Πάμμων,
887 603 1089 646 Ἱππόθοός
1105 621 1152 645 τε
1171 604 1337 657 ἀγήνωρ.

257 677 460 731 Δηΐφοβος
479 677 512 717 δ’
533 674 700 717 ὁπλίτας
717 674 805 725 άγε,
827 672 1096 723 Πουλύδαμας,
1115 670 1295 723 Ἀγάθων
1311 687 1369 719 τε,

256 747 439 794 Αἴσακος,
458 744 698 795 Ἀντίφονος,
720 740 941 790 Πολυήτης,
960 740 1055 793 πρὸς
1074 742 1107 780 δ’
1129 740 1187 793 ἀρ’
1208 739 1354 791 ἀγαυὸς

256 814 438 867 Τρώῖλος,
458 810 612 853 Αἰνείας
629 811 662 851 δ’
683 809 824 858 ἶππήΐα
839 807 1028 859 τάγματα
1046 806 1168 860 εἶχεν.

256 882 419 922 ἅσπιδες
438 878 522 920 αὖτ’
545 878 686 931 ἄραρον
704 876 768 917 καὶ
789 876 919 928 ἔγχεα
936 875 1001 916 καὶ
1019 874 1263 927 τρυφάλειαι,

256 950 359 1000 αὐγὴ
379 947 422 988 δὲ
442 945 633 998 σελάγιζε
652 944 839 998 σιδήρεος,
861 943 999 985 ἔστενε
1016 945 1113 994 γαΐα

258 1017 392 1058 ὅπλων
410 1018 472 1056 ὑπ’
495 1013 656 1068 ἀράβοιο
675 1012 740 1054 καὶ
756 1013 885 1053 ἵππων
903 1010 1229 1063 καρτερογούνων.

312 1084 338 1133 ἡ
358 1084 391 1124 δ’
414 1083 472 1136 ἀρ’
493 1084 536 1123 ἐν
555 1080 741 1122 ἴππείοισι
758 1078 978 1131 μετέπρεπε
996 1076 1174 1129 τάγμασι
1192 1075 1344 1127 μέσσον

261 1151 366 1200 καλὴ
386 1148 656 1196 Πενθεσίλεια,
676 1145 771 1199 κόρη
789 1144 1013 1197 μεγάθυμος
1030 1145 1234 1198 Ὀτρήρης,

261 1218 452 1272 ἀργύρεον
469 1217 622 1270 θώρηκα
635 1212 883 1266 πανάστερον
901 1214 1135 1254 ἐνδεδυκυῖα·

262 1286 375 1339 κρατὶ
394 1284 437 1326 δὲ
454 1287 528 1333 τῆς
547 1281 726 1324 ἐπέκειτο
745 1280 859 1334 κόρυς
877 1278 1083 1321 λιθάδεσσι
1102 1279 1253 1332 φαεινὴ,

261 1352 530 1406 μαρμαίρουσα
547 1350 723 1403 λύχνῃσι
741 1349 805 1390 καὶ
825 1346 1030 1399 ἀμεθύσοις
1051 1348 1269 1399 ἐρατεινοῒς.

263 1420 386 1472 αὐτὰρ
403 1419 578 1473 γωρυτὸς
596 1416 720 1470 ὀσφύϊ
735 1415 856 1457 καλὸς
875 1414 944 1464 ἔην
963 1413 1136 1467 φαρέτρη
1154 1429 1213 1462 τε,

262 1488 426 1542 χρύσεα,
447 1484 746 1538 λαμπετόωντα,
769 1481 966 1536 ἐπάρμενα
982 1483 1079 1535 τῇδε
1097 1481 1264 1531 γυναικί.

261 1556 358 1609 πρὸς
376 1554 419 1595 δὲ
438 1553 561 1596 σάκος
579 1551 738 1606 βριαρὸν
757 1549 877 1598 ἐπέην
894 1548 1013 1597 λαιὴν
1031 1547 1134 1588 κατὰ
1149 1549 1280 1599 χεῖρα·

265 1625 308 1664 ἐν
326 1623 359 1662 δ’
379 1622 438 1675 ἀρ’
461 1621 530 1670 ἔην
540 1620 662 1672 Ἄρης
680 1619 745 1660 καὶ
756 1618 880 1670 Ἔρως
898 1616 963 1657 καὶ
983 1616 1251 1656 Πενθεσίλεια.

262 1688 436 1743 μάρνατο
455 1690 488 1729 δ’
508 1686 603 1729 αὖτε
613 1686 738 1739 Ἔρως
752 1685 803 1725 ἴδ’
816 1684 937 1738 Ἀρης
955 1683 1042 1735 περὶ
1059 1684 1184 1730 τῆσδε
1202 1681 1397 1732 γυναικὸς,

266 1758 330 1799 καὶ
348 1755 519 1808 γραπτοί
535 1771 609 1807 περ
629 1753 771 1802 ἐόντες,
794 1750 904 1803 ζώοις
923 1751 956 1790 δ’
977 1749 1072 1791 αὖτε
1093 1749 1237 1798 ἐίκτην.

265 1827 354 1875 ἤτοι
371 1824 449 1877 γὰρ
465 1823 539 1875 μὲν
549 1823 674 1874 Ἔρως
691 1820 834 1873 κούρην
852 1816 956 1869 φάτο
977 1817 1073 1858 εἶναι
1093 1818 1182 1864 ἑεΐο,

260 1895 382 1946 Ἄρης
400 1894 433 1932 δ’
453 1890 502 1932 αὖ
520 1889 696 1942 ἑτέρωθε·
721 1886 825 1939 μέση
845 1887 877 1927 δ’
898 1886 1109 1926 ἐπείστατο
1126 1882 1256 1935 κούρη,

268 1959 417 2002 κάλλεΐ
431 1959 496 2001 καὶ
515 1958 674 1999 ἕντεσσι
691 1955 883 2009 διακριδὸν
900 1951 1190 2005 ἀστράπτουσα.
1308 1955 1315 1963 ”

267 2030 341 2076 τῆς
357 2028 389 2068 δ’
409 2027 467 2079 ἀρ’
480 2026 603 2078 Ἔρως
621 2023 737 2075 κόρυν
756 2020 935 2074 ἁρπάζων
952 2018 1166 2070 φιλέεσκεν
1185 2017 1354 2066 ὀπωπὴν,

261 2096 383 2149 ''Ap-ns
402 2095 435 2135 δ’
455 2093 503 2134 αὖ
523 2091 708 2144 ἑτέρωθεν
727 2088 860 2130 ἐκύνεε
877 2089 1002 2141 κρᾶτα
1018 2084 1209 2137 πυκάζων.

268 2162 358 2211 τοίη
376 2162 414 2203 οἶ
433 2159 553 2208 ἐπέην
571 2158 689 2199 άσπις
705 2155 823 2204 λαιὴν
841 2155 943 2195 κατὰ
960 2156 1087 2206 χεῖρα,

270 2229 444 2282 δεξιτερῇ
462 2228 494 2268 δ’
515 2225 587 2279 ἔχε
605 2222 814 2276 φάσγανον
832 2223 988 2262 εἴκελον
1005 2221 1279 2274 ἀστεροπῇσιν.

273 2298 384 2351 ἕζετο
403 2297 435 2337 δ’
457 2298 501 2337 ἐν
515 2296 621 2346 ἵππῳ
639 2291 851 2345 κυανόχροῖ
867 2289 1146 2343 ἀγκυλοδείρῳ·

271 2369 343 2407 τοῦ
362 2368 393 2407 δ’
417 2363 494 2406 ἀπὸ
512 2359 689 2416 χαιτάων
707 2358 944 2411 κυανόχροος
964 2359 1094 2398 εἴδετο
1114 2357 1247 2408 αἴγλη.
