1644 2924
847 272 875 312 8

312 397 416 450 Ἥρη
433 397 507 449 μὲν
523 396 747 451 παράκοιτις
766 397 1023 449 ἀγαλλομένη
1043 398 1136 440 Διὸς
1155 400 1260 453 εὐνῇ,

318 466 459 507 ἵστατο
479 466 728 518 θαμβήσασα,
749 465 814 507 καὶ
831 467 954 515 ἤθελε
971 465 1069 517 ληΐζ
1065 471 1189 508 εσθαι·

318 533 482 575 πασάων
497 536 529 575 δ’
549 533 620 575 ἅτε
640 533 784 587 Κύπρις
802 534 1002 588 ἀρειοτέρη
1017 538 1199 586 γεγαυῖα,

316 605 448 653 μῆλον
464 602 575 655 ἔχειν
592 601 798 652 ἐπόθησεν,
818 603 880 643 ὅτι
898 602 1037 655 κτέρας
1057 603 1168 644 ἐστὶν
1184 603 1369 656 Ἐρῶτων.

319 671 413 713 Ζεὺς
430 671 475 713 δὲ
493 675 591 713 θεῶν
608 672 674 713 καὶ
692 674 819 713 νεῖκος
837 672 928 713 ἰδὼν
945 673 1010 713 καὶ
1027 672 1148 713 παῖδα
1166 670 1379 720 καλέσσας,

317 741 427 780 τοῖον
446 738 743 792 ἐφεδρήσσοντα
759 739 1023 792 προσέννεπεν
1041 738 1252 792 Ἑρμάωνα·

320 810 346 830 “
365 807 404 848 εἴ
415 806 505 848 τινά
522 823 600 848 που
617 806 778 850 Ξάνθοιο
796 807 886 860 παρ’
903 807 1058 849 Ἰδαίοιο
1075 808 1242 861 ῥεέθροις

316 876 438 915 παῖδα
456 873 578 926 Πάριν
597 873 782 926 Πριάμοιο
799 874 871 914 τὸν
889 874 1044 924 ἀγλαὸν
1060 874 1242 927 ἡβητῆρα

317 940 454 994 Τροίης
472 941 743 988 βουκολέοντα
760 942 846 982 κατ’
863 943 990 994 οὔρεα,
1009 941 1161 991 τέκνον,
1181 940 1346 990 ἀκούεις,

318 1008 431 1060 κείνῳ
449 1011 580 1059 μῆλον
595 1008 730 1060 ὄπαζε·
757 1008 961 1061 διακρίνειν
979 1009 1022 1050 δὲ
1039 1008 1162 1050 θεάων

318 1077 462 1118 κέκλεο
482 1077 545 1117 καὶ
563 1075 776 1130 βλεφάρων
795 1077 966 1129 ξυνοχὴν
985 1078 1049 1118 καὶ
1068 1076 1199 1118 κύκλα
1214 1077 1440 1129 προσώπων.

317 1144 344 1193 ἦ
363 1143 406 1185 δὲ
425 1146 683 1197 διακρινθεῖσα
700 1142 833 1197 φέρειν
849 1144 1088 1198 περίπυστον
1106 1144 1277 1194 ὀπωπῆν,

318 1211 461 1265 κάρτος
479 1210 700 1265 ἀρειοτέρης
718 1211 848 1264 ἐχέτω
865 1212 931 1253 καὶ
949 1211 1098 1263 κόσμον
1117 1211 1306 1264 ὃπῶρης.”

374 1280 425 1321 ὣς
443 1282 465 1321 6
481 1279 556 1331 μὲν
573 1278 759 1333 Ἑρμάωνι
774 1280 904 1334 πατὴρ
924 1280 1119 1321 ἐπέτελλε
1139 1278 1320 1333 Κρονίων.

318 1347 440 1400 αὐτὰρ
458 1350 480 1388 6
497 1346 722 1401 πατρῴῃσιν
741 1346 1010 1401 ἐφημοσύνῃσι
1027 1347 1205 1396 πιθήσας,

318 1414 373 1455 εἷς
392 1414 482 1456 ὁδὸν
499 1414 726 1466 ἡγεμόνευε,
747 1416 813 1456 καὶ
831 1417 902 1457 οὐκ
921 1414 1099 1467 ἀμέλησε
1118 1414 1255 1456 θεάων·

316 1483 428 1523 πᾶσα
446 1481 489 1523 δὲ
507 1481 698 1535 λωΐτέρην
716 1483 782 1523 καὶ
800 1482 983 1534 ἀμείνονα
1001 1481 1128 1534 δίζετο
1146 1480 1312 1534 μορφήν.

318 1547 464 1603 Κύπρις
481 1549 554 1601 μὲν
572 1548 783 1601 δολόμητις
801 1549 1054 1602 ἀναπτύξασα
1070 1549 1312 1602 καλύπτρην,

317 1616 382 1656 καὶ
399 1615 567 1670 περόνην
585 1615 748 1658 θυόεντα
765 1617 1015 1667 διαστήσασα
1033 1616 1199 1668 κομάων,

316 1686 453 1737 χρυσῷ
469 1683 542 1735 μὲν
559 1684 797 1736 πλοκάμους,
817 1687 953 1738 χρυσῷ
972 1689 1004 1726 δ’
1029 1686 1225 1738 ἐστέψατο
1242 1685 1399 1738 χαίτην.

316 1754 407 1792 τοῖα
425 1751 469 1792 δὲ
485 1754 627 1794 παῖδας
638 1752 811 1805 Ἔρωτας
829 1753 1050 1803 ἀνηΰτησεν
1069 1753 1218 1794 ἰδοῦσα·

320 1822 345 1842 “
365 1819 488 1870 ἐγγὺς
506 1820 626 1870 ἀγὼν,
647 1819 748 1871 φίλα
764 1819 898 1862 τέκνα·
926 1819 1211 1874 περιπτύξασθε
1228 1820 1399 1869 τιθήνην.

319 1886 491 1940 σήμερον
505 1887 668 1938 ἀγλαΐαι
685 1905 736 1939 με
754 1889 988 1943 διακρίνουσι
1003 1890 1229 1942 προσώπων.

320 1954 510 2005 δειμαίνω,
531 1954 608 1996 τίνι
624 1959 755 2007 μῆλον
774 1960 796 1998 6
814 1956 1010 2004 βουκόλος
1027 1955 1141 1998 οὗτος
1159 1954 1339 1996 ὀπάσσει.

311 2021 439 2075 Ἥρην
456 2022 530 2073 μὲν
547 2024 726 2076 Χαρίτων
745 2024 851 2076 ἱερὴν
871 2024 1052 2066 ἐνέπουσι
1069 2022 1242 2072 τιθήνην,

320 2090 419 2143 φασὶ
438 2089 482 2130 δὲ
499 2089 696 2143 κοιρανίην
711 2091 903 2140 μεθέπειν,
924 2091 990 2132 καὶ
1009 2093 1191 2143 σκῆπτρα
1209 2089 1446 2142 φυλάσσειν·

319 2157 384 2198 καὶ
401 2157 586 2208 πολέμων
603 2157 813 2204 βασίλειαν
831 2158 892 2198 ἀεὶ
910 2157 1122 2199 καλέουσιν
1138 2158 1315 2208 Ἀθήνην.

318 2223 442 2276 μούνη
462 2223 608 2277 Κύπρις
625 2225 789 2266 ἄναλκις
808 2225 877 2274 ἔην
894 2224 995 2266 θεός·
1025 2227 1070 2266 οὐ
1088 2225 1293 2275 βασιλήων

319 2293 526 2345 κοιρανίην,
546 2294 592 2333 οὐ
611 2294 643 2334 δ’
664 2295 789 2346 ἔγχος
806 2292 970 2346 Ἀρήϊον,
991 2296 1038 2334 οὐ
1056 2293 1179 2340 βέλος
1198 2293 1314 2335 ἕλκω.

321 2360 428 2402 ἀλλὰ
446 2362 486 2400 τί
504 2359 682 2411 δειμαίνω
700 2362 926 2414 περιώσιον;
957 2363 1043 2404 ἀντὶ
1061 2362 1135 2414 μὲν
1154 2363 1311 2415 αἰχμῆς,
