1644 2924
803 358 867 402 64

237 483 311 524 τόν
329 486 361 523 δ’
382 484 570 537 Ἀχιλεὺς
587 485 811 537 κατέπεφνε
828 487 894 528 καὶ
914 486 1056 539 ἅρματι
1075 489 1207 529 εἵλετο
1226 489 1358 539 δήσας.

238 551 383 604 ἄνδιχα
400 555 433 592 δ’
455 551 682 605 ἐξερέουσιν,
703 554 805 596 ὅπως
823 554 939 595 θάνεν
948 554 1064 608 Ἀρεῖ
1073 553 1240 608 Ἐκτωρ.

238 619 278 659 οἱ
292 618 368 670 μὲν
384 620 462 672 γὰρ
479 619 712 674 προπάροιθε
730 622 894 664 πυλάων
910 623 1034 675 φασὶν
1051 622 1228 674 ὀλέσθαι,

236 686 353 728 ἆντία
369 688 568 737 Πηλεΐδαο
587 689 791 742 δαΐφρονος
810 690 1047 743 ὁρμήσαντα,

234 756 400 806 πληγὴν
417 756 684 809 ὀβριμόεσσαν
703 760 763 798 ἐπ’
785 757 1031 811 ἇσφαράγοιο
1050 759 1244 806 λαβόντα.

234 826 315 864 τῶν
333 826 366 864 δ’
388 824 462 877 ἄρα
480 823 596 875 θυμὸς
614 825 770 878 ἀγήνωρ
789 828 860 867 οὐκ
880 829 1065 869 ἐπέεσσιν
1084 827 1244 878 ὑπείκει,

234 892 286 932 ὡς
305 893 542 945 αὐτοσταδίῃ
562 892 761 942 Πηλείδης
770 892 946 946 Ἕκτορα
962 893 1122 947 πέφνεν.

233 958 328 999 ἀλλ’
351 959 424 1012 ἄρα
442 959 726 1012 καρτερόθυμον
745 961 919 1012 ἆμαζόνα
937 962 1219 1005 Πενθεσίλειαν

234 1025 453 1078 ἐρχομένην
471 1025 694 1078 φάσκουσιν
712 1028 775 1068 ἐπὶ
791 1029 990 1081 Τρώεσσιν
1008 1030 1153 1083 ἀρῆξαι.

231 1094 372 1135 νυκτὸς
390 1094 463 1135 ἀνὰ
481 1094 629 1147 κνέφας
648 1097 816 1146 ἐξελθὼν
825 1094 982 1149 ’Ἕκτωρ
1001 1098 1038 1138 οἱ
1057 1098 1222 1146 ὑπήντα·

230 1160 392 1213 ἀνδράσι
411 1162 485 1203 σὺν
503 1162 656 1214 ὀλίγοις
674 1163 718 1204 δὲ
734 1163 855 1216 πόρον
872 1164 1073 1216 περόωντα
1090 1164 1343 1220 Σκαμάνδρου

231 1229 371 1270 ἔκτανε
391 1230 599 1280 Πηλείδης,
621 1230 861 1273 ὀπιπεύσας
880 1234 923 1273 ἐν
941 1233 1182 1285 ξυλόχοισιν,

228 1299 322 1345 ἠοῦς
341 1300 373 1338 δ’
397 1297 492 1338 αὖτε
509 1299 583 1351 πρὸ
603 1299 747 1340 ἄστεος
766 1301 810 1339 ἐκ
830 1300 968 1352 δίφρου
987 1299 1083 1341 ἕλκε
1101 1303 1266 1351 ποδοΐΐν,

226 1368 337 1414 πηῶν
355 1366 426 1414 ἠδὲ
442 1365 571 1418 φίλων
587 1364 820 1419 προπάροιθε
839 1370 985 1408 κεδνῶν
1001 1384 1049 1408 τε
1066 1369 1232 1418 τοκήων,

226 1433 366 1485 Τρώων
378 1432 580 1485 Τρωϊάδων
597 1450 645 1474 τε
664 1433 720 1475 ἰδὲ
739 1438 908 1475 κλειτῶν
926 1435 1148 1488 ἐπικούρων,

226 1501 266 1542 οἳ
281 1499 388 1552 μέγα
405 1501 453 1550 δὴ
471 1500 675 1552 γοάασκον
694 1501 771 1541 ἀπὸ
789 1501 948 1554 πύργων
965 1501 1163 1555 ὁρόωντες.

225 1568 377 1609 τόσσον
394 1570 426 1607 δ’
449 1566 544 1608 αὖτε
561 1566 778 1620 πολύθροος
795 1570 917 1619 ὤρετο
934 1571 1064 1610 τοῖσιν
1082 1569 1163 1620 ἰωὴ,
1215 1600 1229 1616 ,

226 1638 277 1677 ὣς
294 1634 451 1676 οἰωνοὺς
467 1633 552 1687 ἠέρι
571 1636 615 1675 ἐν
631 1635 761 1688 ταναῇ
779 1633 981 1676 δονέεσθαι

225 1696 444 1756 φρικαλέην
462 1701 669 1744 δεισάντας
688 1703 894 1756 ἐρίβρομον
911 1704 1049 1757 ἄγριον
1067 1704 1195 1755 οἵμην·

223 1772 331 1825 ῥίγια
353 1769 396 1811 δὲ
415 1768 648 1822 κλάγγαζον
666 1769 850 1822 ἐνηερίοις
868 1770 1150 1822 στομάτεσσιν,

223 1841 316 1892 ῥιπῇ
335 1839 392 1880 ἐνὶ
409 1838 616 1891 πτερύγων
633 1839 829 1891 φρικώδεα
847 1840 991 1880 δοῦπον
1009 1838 1144 1880 ἱέντες.

223 1905 435 1957 γηθόσυνοι
455 1908 487 1946 δ’
511 1904 698 1959 ἑτέρωθεν
715 1905 872 1957 Ἀχαιοὶ
892 1905 1145 1958 ἆντεπίηχον.

223 1974 288 2015 καὶ
306 1972 402 2014 τότε
419 1975 546 2025 Τρῶες
563 1972 735 2022 κλήῖσαν
748 1973 878 2015 Ἴλιον
895 1973 1154 2024 ἠνεμόεσσαν.

275 2040 370 2081 ἀλλ’
393 2042 466 2093 ἄρα
481 2041 546 2081 καὶ
562 2041 718 2093 μορφὴν
735 2043 885 2081 κλυτοῦ
894 2039 1085 2092 Ἕκτορος
1105 2042 1311 2093 ἐξερεείνω·

222 2107 373 2160 ψελλὸς
391 2107 470 2157 ἔην,
490 2108 561 2156 ἠΰς
577 2124 636 2157 τε,
655 2107 792 2158 μέγας,
811 2106 948 2158 μέλας,
968 2106 1245 2160 ὄβριμόφωνος,

222 2175 334 2228 εὔριν,
354 2174 565 2226 ἠϋγένειος,
585 2175 750 2228 ὄλόθριξ,
771 2174 1023 2227 κυανέθειρος.

219 2242 326 2283 τοῖος
343 2242 417 2282 ἐὼν
433 2240 567 2291 πέσεν,
587 2242 718 2294 ἤκαχε
736 2243 769 2280 δ’
793 2240 888 2281 αὖτε
904 2244 1036 2293 Τρῶας
1051 2240 1237 2283 ἅπαντας.

273 2307 470 2358 Πηλείδης
487 2308 531 2349 δὲ
550 2306 784 2361 Πάτροκλον
803 2307 868 2348 ἑὸν
887 2307 1084 2360 κτερέϊζεν
1105 2310 1271 2361 ἑταῖρον·

220 2375 363 2418 ἄθλους
381 2375 476 2417 αὖτε
491 2375 640 2426 ἔθηκεν,
662 2376 848 2416 ἆεθλοῦσι
864 2375 928 2416 καὶ
947 2375 1082 2424 ἄεθλα,

220 2443 342 2497 ἔξοχα
362 2445 572 2498 Πριαμίδαο
591 2443 831 2499 κεχαρμένος
841 2443 1031 2498 Ἕκτορος
1051 2446 1154 2496 οἴτῳ,
