1644 2924
880 339 942 380 50

369 470 547 522 χείρεσιν
565 466 840 508 ἀντιπάλοισιν
858 469 900 506 ἐν
919 468 1051 516 αἵματι
1070 467 1154 505 τοῖο
1173 464 1340 506 θανόντα

370 537 588 589 Εὐφόρβου,
608 532 795 586 Ἀχάτου,
815 531 1041 585 ἢἜκτορος
1060 531 1323 585 ἀνδροφόνοιο,

369 603 584 656 νυμφιδίοις
603 601 786 652 κόσμοισι
804 599 1076 652 περιστέψασα
1095 600 1250 648 ἑαυτὴν,

368 673 542 724 φαιδροῖς
560 669 909 721 &pomparum-&op
926 668 1029 720 παρὰ
1046 666 1150 719 ἧπαρ
1170 668 1275 708 ἴεΐσα

370 738 425 780 εἷς
442 737 576 786 Ἀΐδην
594 735 828 783 κατέβαινεν
845 733 1016 787 ἀτερπέα
1033 737 1295 787 νυμφευτῆρα,

367 806 472 854 καλὴ
491 805 600 855 καλῷ
619 803 760 854 ζήσάσ)
778 802 849 851 ἠδὲ
868 805 1039 843 θανοῦσα
1057 801 1206 853 ἀκοίτῃ.

365 876 440 924 τὴν
460 876 539 925 ἐγὼ
558 872 670 914 αἰνέω
687 873 747 921 ἠδ’
768 871 852 912 αὖτ’
872 871 1013 924 ἔξοχον
1030 869 1316 924 ἀμφαγαπάζω,

367 946 418 984 ὣς
438 941 623 990 Εὐάδνην,
637 941 863 989 ’Άλκηστίν
880 956 927 980 τε
946 940 1011 980 καὶ
1029 939 1285 986 Ἀντιόπειαν,

365 1012 441 1059 τὴν
459 1010 593 1050 Θεανώ
610 1026 657 1049 τε
677 1009 741 1049 καὶ
760 1007 935 1056 Οἰνώνην
946 1007 1018 1066 Ικαὶ
1035 1005 1273 1058 Λουκρετίην
1288 1021 1347 1054 τε,

366 1077 437 1127 ἠδὲ
457 1078 521 1118 καὶ
539 1075 784 1129 Ἀβραδάτου
803 1075 932 1123 καλὴν
950 1075 1105 1126 ἄλοχον
1123 1072 1327 1120 Πανθείην,

366 1145 460 1198 πρὸς
479 1143 524 1184 δέ
540 1158 591 1194 ’γε
610 1142 782 1195 Πορκίην
801 1141 950 1189 ἐσθλὴν
967 1138 1195 1192 παράκοιτιν
1212 1137 1393 1190 Βρούτου,

367 1214 408 1254 αἳ
425 1211 565 1252 πόσιας
582 1212 756 1261 τίμησαν
774 1209 838 1250 καὶ
859 1209 1008 1254 ἔλαβον
1026 1207 1144 1248 κλέος
1164 1207 1318 1254 ἐσθλὸν,

366 1280 455 1321 οὐδὲ
474 1278 582 1331 λέχη
599 1277 793 1332 ᾔσχυναν,
814 1275 1023 1317 ἀτάσθαλα
1042 1275 1139 1327 ἔργα
1157 1275 1381 1326 φρονοῦσαι·

366 1348 442 1389 οἷαι
462 1350 530 1388 νῦν
546 1345 788 1393 τελέθουσιν,
809 1343 994 1392 ἀναιδέες,
1016 1340 1251 1393 ἀγριόθυμοι,

366 1413 589 1464 Φιλονόμαι,
610 1414 780 1463 Φαΐδραι,
802 1411 1031 1456 Σθενόβοιαι
1047 1409 1084 1449 τ’
1105 1406 1354 1458 ἆλγεόδωροι.

417 1484 490 1530 τῆς
506 1497 570 1521 τοι
587 1478 830 1530 Λαοδαμείης
848 1480 983 1530 ὡραῖος
1001 1476 1240 1528 παρακοίτης

362 1553 513 1602 πρῶτος
531 1547 808 1600 Πρωτεσίλαος
826 1544 958 1597 ἀρήϊος
976 1544 1109 1597 ἔκθορε
1128 1542 1280 1591 πλοίου,

362 1618 483 1656 πίπτε
502 1616 534 1654 δ’
556 1611 821 1663 ἐπεσσυμένος
838 1611 904 1652 καὶ
925 1610 1046 1651 ἔλυσε
1063 1609 1192 1661 φόβον
1209 1610 1418 1660 χρησμοΐο,

366 1682 477 1731 νίκην
494 1680 552 1722 οἷς
570 1678 764 1732 ἑτάροισιν
783 1679 833 1729 ἑῷ
853 1676 1004 1728 θανάτῳ
1021 1675 1257 1729 περιτεύξας.

363 1748 509 1790 πάντες
527 1748 616 1800 γὰρ,
635 1746 707 1787 τὸν
726 1746 886 1798 ἄριστον
904 1744 1052 1785 ἰδόντες
1069 1742 1184 1784 τόνδε
1203 1742 1389 1792 πεσόντα,

366 1820 467 1866 νηῶν
487 1813 694 1867 ἐξεχέοντο
714 1813 779 1853 καὶ
799 1811 1002 1860 ἀλλήλους
1022 1809 1208 1862 ἐνάριζον·

367 1883 486 1925 αὐτὰς
505 1883 536 1922 δ’
558 1881 606 1922 αὖ
625 1879 847 1928 κατέδησαν
863 1877 1099 1930 πρυμναίῃσι
1117 1875 1301 1918 κάλωσιν.

367 1950 490 2003 αὐτὰρ
511 1949 594 1989 ἐπεὶ
615 1947 773 2000 ἐρύθῃνε
789 1946 983 1998 πελώριον
1001 1944 1116 1995 οἶδμα
1135 1941 1340 1990 θαλάσσης

368 2016 565 2068 αἱματόεις
582 2015 792 2068 χείμαῤῥος
810 2015 874 2055 ἀπ’
894 2011 1124 2066 ἀμφοτέρων
1141 2009 1375 2063 κελαρόζων,

368 2085 491 2126 νύκτα
509 2081 774 2135 φυλαξάμενοι
792 2085 918 2133 Τρῶες
935 2080 1022 2131 περὶ
1041 2080 1144 2120 ἄστυ
1162 2078 1347 2130 ἐχώρουν,

366 2151 549 2199 ἀντιβίην
564 2149 760 2202 τρείοντες
780 2150 822 2188 ἐν
839 2146 1051 2199 Ἀργείοισι
1068 2143 1278 2196 μάχεσθαι.

422 2219 572 2259 Κύκνος
591 2219 623 2258 δ’
645 2220 690 2258 ἐκ
706 2214 883 2257 Τενέδοιο
901 2213 1010 2264 μέσῳ
1029 2213 1085 2253 ἐνὶ
1103 2212 1242 2252 νὐκτὸς
1262 2212 1426 2262 ἀμολγῷ

366 2285 492 2338 Τρωσὶ
510 2283 764 2337 χαριζόμενος
781 2284 915 2334 ἤγειρε
932 2279 1068 2333 μάχην
1088 2280 1146 2319 ἐπ’
1164 2279 1351 2330 Ἀχαιοῖς.

365 2353 437 2393 τὸν
457 2352 488 2391 δ’
506 2350 693 2403 Ἀχιλεὺς
712 2348 933 2400 κατέπεφνε
953 2348 1016 2388 καὶ
1036 2346 1172 2399 ἀνέρας
1193 2347 1232 2386 οἵ
1248 2347 1285 2386 οἱ
1304 2345 1457 2387 ἕποντο.

422 2420 559 2461 ἔκτοτε
579 2420 610 2459 δ’
629 2417 864 2470 Ἀργείοισιν
883 2416 1038 2457 ἐείσατο
1059 2414 1208 2468 κέρδιον
1228 2414 1323 2455 εἶναι
