1644 2924
839 277 899 321 12

329 405 510 459 ἁρμονίης
524 405 739 455 ἀδίδακτος,
759 404 1028 459 ὁμοφροσύνης
1045 406 1236 458 ἀδαήμων.

328 474 546 525 ἀγνόσσεις
565 474 626 514 ὅτι
643 475 802 524 μᾶλλον
819 472 1026 516 ἀνάλκιδές
1045 474 1143 515 εἰσιν
1159 475 1328 523 Ἀθήναι,

326 543 440 590 τοῖαι,
461 540 733 591 κυδαλίμοισιν
749 539 1022 591 ἀγαλλόμεναι
1039 540 1260 592 πολέμοισι,

328 607 562 661 κεκριμένων
578 607 743 659 μελέων,
764 609 846 648 οὔτ’
866 609 1038 661 ἄρσενες,
1059 609 1150 649 οὔτε
1167 611 1350 659 γυναῖκες
1362 611 1400 655 ;”

380 675 470 717 τοιά
488 676 522 717 δ’
541 674 805 729 ἐφυβρίζουσα
821 675 1060 729 προσέννεπε
1080 675 1226 729 Κύπρις
1243 677 1419 726 Ἀθήνην.

327 745 378 785 ὣς
395 744 422 792 ἡ
439 743 513 794 μὲν
530 742 795 796 πτολίπορθον
813 742 971 784 ἀέθλιον
989 743 1146 796 ἔλλαχε
1163 746 1327 797 μορφῆς.

320 811 448 865 ’Ἥρην
467 810 692 864 ἐξελάσασα
709 811 774 852 καὶ
794 811 1062 864 ἀσχαλόωσαν
1078 812 1256 861 Ἀθήνην.

328 879 481 933 ἱμείρων
499 880 531 919 δ’
551 880 614 919 ὑπ’
634 879 756 932 ἔρωτι,
777 879 842 920 καὶ
859 878 909 927 ἢν
926 880 998 920 οὐκ
1016 878 1095 919 εΐδε
1114 879 1260 920 διώκων

328 946 524 998 δύσπαρις,
545 945 727 999 ἀθροίσας
745 947 810 987 ἐπὶ
829 944 990 987 δάσκιον
1007 946 1162 997 ἤγαγεν
1180 947 1281 996 ὕλην

330 1013 467 1066 ἀνέρας
486 1013 714 1067 ἐργοπόνοιο
732 1014 927 1064 δαήμονας
944 1014 1197 1066 Ἀτρυτώνης,

330 1082 421 1123 ἔνθα
437 1081 716 1134 τανυπρέμνοιο
736 1080 956 1132 δαῒζομέναι
974 1080 1084 1134 δρύες
1095 1081 1203 1130 Ἴδης

327 1152 476 1203 ἤριπον,
497 1148 733 1202 ἀρχεκάκοιο
751 1149 1056 1202 περιφροσύνῃσι
1073 1148 1280 1202 Φερέκλου,

330 1219 372 1259 ὅς
390 1234 489 1258 ποτε
507 1216 760 1270 μαργαίνοντι
778 1215 1034 1269 χαριζόμενος
1051 1220 1229 1266 βασιλῆϊ,

330 1288 425 1334 νῆας
441 1284 682 1339 Ἀλεξάνδρῳ
701 1284 873 1338 δρυτόμῳ
890 1284 1110 1339 τεκτήνατο
1129 1288 1282 1338 χαλκῷ.

331 1355 509 1405 αὐτῆμαρ
525 1353 777 1407 προβέβουλε
795 1353 861 1395 καὶ
880 1355 1058 1406 αὐτῆμαρ
1076 1352 1176 1405 κάμε
1195 1357 1301 1403 νῆας,

331 1424 426 1470 νῆας
445 1421 491 1462 ἃς
507 1423 579 1461 οὐκ
599 1419 739 1469 ἐνόησε
756 1421 822 1460 καὶ
841 1421 913 1460 οὐκ
931 1421 1113 1469 ἤσκησεν
1130 1421 1284 1469 Ἀθήνη.

331 1488 418 1529 ἀντὶ
436 1489 508 1539 μὲν
525 1487 674 1529 Ἰδαίων
692 1486 810 1539 ὀρέων
826 1485 1030 1539 ἠλλάξατο
1047 1488 1204 1537 πόντον,

331 1556 396 1597 καὶ
414 1555 571 1608 λεχέων
589 1555 792 1607 ἐπίκουρον
809 1554 1083 1607 ἐφεσπομένην
1097 1555 1334 1608 Ἀφροδίτην

330 1621 527 1663 πολλάκις
545 1622 764 1663 ἀκταίοισιν
782 1620 1042 1673 ἱλασκόμενος
1061 1622 1252 1671 θυέεσσιν,

332 1688 476 1731 ἕπλεεν
490 1687 792 1737 Ἑλλήσποντον
810 1690 869 1729 ἐπ’
890 1688 1002 1741 εὐρέα
1020 1692 1124 1730 νῶτα
1138 1689 1307 1739 τιθήνης.

331 1758 387 1807 τῷ
406 1755 447 1797 δὲ
466 1758 731 1804 πολυτλῆτων
748 1756 897 1806 σημήῖα
913 1755 1075 1807 φαίνετο
1093 1755 1266 1809 μόχθων·

332 1823 475 1873 κυανέη
492 1824 566 1875 μὲν
584 1825 746 1876 ὕπερθεν
763 1823 1065 1875 ἀναθρώσκουσα
1082 1824 1270 1866 θάλασσα

332 1893 493 1944 οὐρανὸν
512 1891 680 1944 ὄρφναίῳ
700 1893 841 1932 ἑλικῶν
860 1890 1034 1942 ἐζώσατο
1051 1893 1195 1943 δεσμῷ·

332 1962 358 2010 1·
377 1960 404 2008 ἡ
423 1960 454 1999 δ’
475 1961 548 2012 ἄρα
565 1958 853 2011 μιχθαλόεντος
871 1958 935 1998 ἀπ’
954 1957 1066 2010 ἠέρος
1085 1958 1231 2010 ὄμβρον
1249 1959 1381 2008 ἀνῆκε,

333 2025 508 2075 ἐκλύσθη
528 2026 573 2066 δέ
587 2042 635 2067 τε
652 2024 795 2067 πόντος
816 2024 1082 2077 ἐρεσσομένων
1099 2025 1277 2078 ἐρετάων,

331 2092 460 2146 τόφρα
479 2092 522 2134 δὲ
540 2091 756 2145 Δαρδανίον
774 2092 838 2133 καὶ
855 2093 999 2144 Τρῶἲον
1016 2091 1131 2134 οὖδας
1148 2093 1312 2145 ἀμείψας

331 2161 548 2212 Ἰσμαρίδος
565 2158 731 2210 μεθέηκε
748 2159 994 2211 παραπλώων
1013 2158 1143 2210 στόμα
1160 2160 1310 2212 λίμνης.

333 2227 428 2280 αἶψα
446 2225 489 2267 δὲ
508 2225 703 2280 Θρηΐκίοιο
721 2226 823 2276 μετὰ
839 2225 902 2279 ῥία
922 2226 1154 2278 Παγγαίοιο,

333 2293 524 2336 Φυλλίδος
543 2292 791 2335 ἀντέλλοντα
805 2294 1015 2346 φιλήνορος
1034 2294 1169 2346 ἔδρακε
1187 2294 1348 2346 τύμβον,

335 2363 397 2404 καὶ
415 2360 555 2414 δρόμον
574 2359 832 2403 ἐννεάκυκλον
852 2361 1044 2412 ἀλήμονος
1064 2361 1141 2404 εἶδε
1161 2361 1361 2404 κελεύθου*
