1644 2924
848 302 906 345 18

330 429 456 480 ἄμφω,
477 429 671 479 ἀναγκαίη
690 429 823 480 ξυνήϊα
839 429 969 470 πάντα
987 431 1180 483 λαχόντα,

330 495 428 547 ἔργα
445 495 718 549 παλαιοτέροιο
737 497 991 548 κασιγνήτοιο
1010 499 1171 539 διώκειν.

329 563 437 604 ἔνθεν
456 565 735 617 ἀκηχεμένοισι
753 566 1009 618 βαρυνόμεναι
1026 565 1263 619 βλεφάροισι

328 630 525 674 πολλάκις
545 634 770 682 ὑπνώουσιν,
792 633 859 674 ὅτε
878 634 1072 683 κλαίουσι,
1093 637 1286 686 γυναῖκες.

326 699 353 748 ἦ
370 699 443 750 μὲν
461 700 711 749 ἀλητεύουσα
728 701 1065 755 δολοφροσύνῃσιν
1083 703 1248 754 ὀνείρων,

324 767 476 819 μητέρα
493 768 725 809 παπταίνειν
742 768 929 810 ὧῒσσατο·
956 772 1047 811 τοῖα
1064 770 1107 812 δὲ
1125 772 1244 821 κούρη

325 837 419 888 ἴαχε
439 836 689 887 θαμβήσασα,
710 837 775 877 καὶ
794 837 994 889 ἀχνυμένη
1012 855 1086 890 περ
1105 841 1237 880 ἐοῦσα·

328 907 352 925 “
371 903 510 955 χθιζὸν
527 903 760 957 ὀδυρομένην
776 920 826 954 με
845 904 971 955 δόμων
989 905 1154 947 ἔκτοσθε
1171 910 1365 959 φυγοῦσα,

326 969 521 1012 κάλλιπες
541 972 768 1011 ὑπνώουσαν
786 971 881 1023 ὑπὲρ
899 971 1056 1024 λεχέων
1072 976 1292 1026 γενετῆρος.

324 1041 437 1078 ποῖον
456 1038 542 1090 ὄρος
558 1037 826 1091 προλέλοιπα;
855 1038 965 1081 τίνας
981 1039 1156 1090 μεθέηκα
1173 1042 1368 1088 κολώνας;
1441 1046 1444 1050 ’

325 1107 425 1146 οὕτω
444 1105 701 1156 καλλικόμοιο
718 1107 803 1156 μεθ’
823 1105 1010 1160 ἁρμονίην
1025 1108 1258 1161 Ἀφροδίτης
1271 1111 1307 1154 ;”

376 1175 466 1213 τοῖα
484 1172 527 1213 δὲ
546 1173 764 1225 φωνήσασα
780 1173 1019 1225 προσέννεπε
1037 1176 1298 1229 Τυνδαρεώνη·

326 1243 351 1262 “
370 1239 511 1281 τέκνον
529 1240 767 1293 ἀκηχεμένη,
787 1241 842 1291 μὴ
860 1240 1013 1294 μέμφεο
1031 1245 1120 1284 τοῖα
1137 1245 1327 1296 παθοῦσῃ·

324 1310 345 1347 ὁ
364 1307 500 1359 χθιζός
517 1325 567 1358 με
583 1310 719 1359 μολὼν
737 1308 954 1357 ἀπατήλιος
971 1310 1146 1362 ἥρπασεν
1164 1311 1297 1361 ἀνήρ.”

378 1375 546 1416 ἔννεπεν.
577 1376 602 1423 ἡ
621 1377 654 1416 δ’
674 1375 874 1429 ἀνόρουσε·
894 1377 959 1417 καὶ
979 1378 1056 1428 οὑχ
1072 1376 1223 1429 ὁρόωσα
1239 1378 1410 1428 τιθήνην,

324 1441 483 1495 ὀξυτέρῃ
502 1442 607 1483 πολὺ
623 1444 783 1493 μᾶλλον
801 1443 1102 1495 ἀνεβρυχήσατο
1122 1446 1242 1497 φωνῇ’,

325 1512 350 1531 “
364 1509 506 1563 ἠερίης,
527 1510 683 1561 ὄρνιθες,
705 1510 872 1562 ἐΰπτερα
888 1509 1010 1551 τέκνα
1026 1510 1229 1562 γενέθλης,
1285 1556 1288 1559 ,

323 1576 468 1617 ἔσπετε
487 1577 755 1625 νοστήσαντες
775 1577 837 1617 ἐπὶ
858 1577 1016 1629 Κρήτην
1034 1577 1236 1629 Μενελάῳ,

321 1642 460 1695 χθιζὸν
479 1644 541 1684 ἐπὶ
561 1643 746 1696 Σπάρτην
762 1645 825 1686 τὶς
843 1645 939 1698 ἀνὴρ
957 1646 1180 1696 ἀθεμίστιος
1198 1648 1333 1695 ἐλθὼν,

322 1712 494 1763 ἀγλαΐην
513 1716 724 1764 σύμπασαν
743 1715 816 1754 ἑῶν
835 1713 1011 1766 ἀλάπαξε
1026 1714 1267 1767 μελάθρων.”

375 1781 426 1820 ὣς
443 1780 468 1828 ἡ
486 1779 560 1830 μὲν
577 1780 823 1833 πολύδακρυς
843 1783 883 1822 ἐς
900 1781 996 1834 ἠέρα
1013 1782 1241 1834 φωνήσασα,

320 1846 472 1899 μητέρα
487 1850 740 1898 μαστεύουσα
756 1847 887 1900 μάτην
906 1850 1100 1901 ἐπλάζετο
1119 1850 1247 1903 κούρη.

320 1983 384 2022 καὶ
405 1981 579 2023 Κικόνων
595 1984 808 2036 πτολίεθρα
826 1985 890 2025 καὶ
909 1983 1088 2025 Αἰολίδος
1105 1984 1225 2035 πόρον
1234 1984 1388 2035 ”Ελλης

320 2050 548 2102 Δαρδανίοις
566 2049 795 2100 λιμένεσσιν
813 2054 834 2091 ὑ
853 2052 1015 2102 νυμφίος
1032 2052 1163 2101 ἤγαγε
1179 2051 1343 2103 νύμφην.

318 2116 445 2156 πυκνὰ
464 2117 496 2155 δ’
518 2115 655 2156 ἔτιλλε
674 2115 808 2167 κόμην,
828 2116 1004 2170 χρυσέην
1021 2118 1054 2156 δ’
1075 2117 1205 2170 ἔῤῥηξε
1225 2119 1452 2173 καλύπτρην

319 2181 567 2236 Κασσάνδρη,
588 2182 792 2235 νεόφοιτον
811 2185 875 2224 ἀπ’
895 2185 1138 2236 ἀκροπόληος
1156 2186 1301 2228 ι’δοῦσα.

318 2250 434 2304 Τροίη
453 2251 485 2290 δ’
506 2249 698 2302 ὑψιδόμων
715 2250 870 2291 πυλέων
888 2254 1050 2300 κληῖδας
1069 2252 1215 2301 ἀνεῖσα,

318 2316 455 2369 δέξατο
474 2317 725 2366 νοστήσαντα
742 2318 814 2358 τὸν
832 2318 1052 2371 ἀρχέκακον
1071 2321 1272 2369 πολιήτην.
