<?xml version="1.0" encoding="UTF-8"?>
<!DOCTYPE html PUBLIC "-//W3C//DTD XHTML 1.0 Transitional//EN"
    "http://www.w3.org/TR/xhtml1/DTD/xhtml1-transitional.dtd">
<html xmlns="http://www.w3.org/1999/xhtml" xml:lang="en" lang="en">
 <head>
  <title>
</title>
<meta http-equiv="Content-Type" content="text/html;charset=utf-8" />
  <meta name='ocr-system' content='tesseract 3.04.00' />
  <meta name='ocr-capabilities' content='ocr_page ocr_carea ocr_par ocr_line ocrx_word'/>
</head>
<body>
  <div class='ocr_page' id='page_1' title='image "./scriptoresgraeci01gileuoft_0082.png"; bbox 0 0 1644 2924; ppageno 0'>
   <div class='ocr_carea' id='block_1_1' title="bbox 833 272 895 314">
    <p class='ocr_par' dir='ltr' id='par_1_1' title="bbox 833 272 895 314">
     <span class='ocr_line' id='line_1_1' title="bbox 833 272 895 314; baseline 0 0"><span class='ocrx_word' id='word_1_1' title='bbox 833 272 895 314; x_wconf 87' lang='grc'>36</span> 
     </span>
    </p>
   </div>
   <div class='ocr_carea' id='block_1_2' title="bbox 329 476 1337 660">
    <p class='ocr_par' dir='ltr' id='par_1_2' title="bbox 329 476 1337 660">
     <span class='ocr_line' id='line_1_2' title="bbox 848 476 883 512; baseline 0 0"><span class='ocrx_word' id='word_1_2' title='bbox 848 476 883 512; x_wconf 88' lang='grc'>8.</span> 
     </span>
     <span class='ocr_line' id='line_1_3' title="bbox 329 539 1337 592; baseline -0.001 -10"><span class='ocrx_word' id='word_1_3' title='bbox 329 541 523 582; x_wconf 78' lang='grc' dir='ltr'><strong><em>δεσπότας</em></strong></span> <span class='ocrx_word' id='word_1_4' title='bbox 541 539 771 591; x_wconf 77' lang='grc' dir='ltr'>οἰμώζοντες</span> <span class='ocrx_word' id='word_1_5' title='bbox 789 543 890 591; x_wconf 83' lang='grc' dir='ltr'>ὁμῶς</span> <span class='ocrx_word' id='word_1_6' title='bbox 908 539 1054 592; x_wconf 76' lang='grc' dir='ltr'>ἄλοχοί</span> <span class='ocrx_word' id='word_1_7' title='bbox 1070 557 1116 580; x_wconf 91' lang='grc' dir='ltr'>τε</span> <span class='ocrx_word' id='word_1_8' title='bbox 1132 541 1195 581; x_wconf 80' lang='grc' dir='ltr'>καὶ</span> <span class='ocrx_word' id='word_1_9' title='bbox 1217 542 1337 589; x_wconf 82' lang='grc' dir='ltr'>αὐτοὶ,</span> 
     </span>
     <span class='ocr_line' id='line_1_4' title="bbox 384 607 1225 660; baseline -0.001 -10"><span class='ocrx_word' id='word_1_10' title='bbox 384 608 476 650; x_wconf 79' lang='grc' dir='ltr'>εὖτέ</span> <span class='ocrx_word' id='word_1_11' title='bbox 490 609 562 650; x_wconf 82' lang='grc' dir='ltr'>τιν’</span> <span class='ocrx_word' id='word_1_12' title='bbox 582 607 776 659; x_wconf 81' lang='grc' dir='ltr'>οὗλομένα</span> <span class='ocrx_word' id='word_1_13' title='bbox 791 611 906 660; x_wconf 80' lang='grc' dir='ltr'>μοῖρα</span> <span class='ocrx_word' id='word_1_14' title='bbox 924 609 1030 660; x_wconf 88' lang='grc' dir='ltr'>κίχοι</span> <span class='ocrx_word' id='word_1_15' title='bbox 1049 607 1225 650; x_wconf 86' lang='grc' dir='ltr'>θανάτου.</span> 
     </span>
    </p>
   </div>
   <div class='ocr_carea' id='block_1_3' title="bbox 331 747 1337 1067">
    <p class='ocr_par' dir='ltr' id='par_1_3' title="bbox 331 747 1337 1067">
     <span class='ocr_line' id='line_1_5' title="bbox 849 747 885 784; baseline -0.028 0"><span class='ocrx_word' id='word_1_16' title='bbox 849 747 885 784; x_wconf 86' lang='grc'>9.</span> 
     </span>
     <span class='ocr_line' id='line_1_6' title="bbox 331 810 1337 865; baseline -0.002 -12"><span class='ocrx_word' id='word_1_17' title='bbox 331 813 447 854; x_wconf 83' lang='grc' dir='ltr'>αὐτὸς</span> <span class='ocrx_word' id='word_1_18' title='bbox 464 813 541 865; x_wconf 78' lang='grc' dir='ltr'>γὰρ</span> <span class='ocrx_word' id='word_1_19' title='bbox 562 811 731 865; x_wconf 81' lang='grc' dir='ltr'>Κρονίων</span> <span class='ocrx_word' id='word_1_20' title='bbox 750 810 1071 863; x_wconf 86' lang='grc' dir='ltr'>καλλιστεφάνου</span> <span class='ocrx_word' id='word_1_21' title='bbox 1087 811 1202 853; x_wconf 83' lang='grc' dir='ltr'><strong><em>πόσις</em></strong></span> <span class='ocrx_word' id='word_1_22' title='bbox 1212 811 1337 864; x_wconf 74' lang='grc' dir='ltr'>’Ἥρας</span> 
     </span>
     <span class='ocr_line' id='line_1_7' title="bbox 383 877 1205 932; baseline -0.002 -11"><span class='ocrx_word' id='word_1_23' title='bbox 383 881 477 922; x_wconf 86' lang='grc' dir='ltr'>Ζεὺς</span> <span class='ocrx_word' id='word_1_24' title='bbox 495 878 763 932; x_wconf 80' lang='grc' dir='ltr'>Ἡρακλείδαις</span> <span class='ocrx_word' id='word_1_25' title='bbox 780 877 899 919; x_wconf 90' lang='grc' dir='ltr'>τάνδε</span> <span class='ocrx_word' id='word_1_26' title='bbox 918 878 1059 919; x_wconf 85' lang='grc' dir='ltr'>δέδωκε</span> <span class='ocrx_word' id='word_1_27' title='bbox 1077 879 1205 919; x_wconf 91' lang='grc' dir='ltr'>πόλιν.</span> 
     </span>
     <span class='ocr_line' id='line_1_8' title="bbox 331 946 1232 1000; baseline -0.002 -11"><span class='ocrx_word' id='word_1_28' title='bbox 331 948 432 989; x_wconf 67' lang='grc' dir='ltr'>οἶσιν</span> <span class='ocrx_word' id='word_1_29' title='bbox 451 947 530 998; x_wconf 81' lang='grc' dir='ltr'>ἅμα</span> <span class='ocrx_word' id='word_1_30' title='bbox 547 946 804 1000; x_wconf 79' lang='grc' dir='ltr'>προλιπόντες</span> <span class='ocrx_word' id='word_1_31' title='bbox 821 946 991 999; x_wconf 78' lang='grc' dir='ltr'>Ἐρινεὸν</span> <span class='ocrx_word' id='word_1_32' title='bbox 1007 946 1232 996; x_wconf 80' lang='grc' dir='ltr'>ἠνεμόεντα,</span> 
     </span>
     <span class='ocr_line' id='line_1_9' title="bbox 386 1014 1113 1067; baseline -0.003 -11"><span class='ocrx_word' id='word_1_33' title='bbox 386 1018 534 1067; x_wconf 77' lang='grc' dir='ltr'>εὐρεῖαν</span> <span class='ocrx_word' id='word_1_34' title='bbox 552 1014 732 1055; x_wconf 83' lang='grc' dir='ltr'>Πέλοπος</span> <span class='ocrx_word' id='word_1_35' title='bbox 751 1016 872 1054; x_wconf 79' lang='grc' dir='ltr'>νᾶσον</span> <span class='ocrx_word' id='word_1_36' title='bbox 889 1014 1113 1066; x_wconf 78' lang='grc' dir='ltr'>ἀφικόμεθα.</span> 
     </span>
    </p>
   </div>
   <div class='ocr_carea' id='block_1_4' title="bbox 331 1152 1400 1610">
    <p class='ocr_par' dir='ltr' id='par_1_4' title="bbox 331 1152 1400 1610">
     <span class='ocr_line' id='line_1_10' title="bbox 842 1152 900 1190; baseline 0.017 -1"><span class='ocrx_word' id='word_1_37' title='bbox 842 1152 900 1190; x_wconf 89' lang='grc'>10.</span> 
     </span>
     <span class='ocr_line' id='line_1_11' title="bbox 333 1215 1300 1267; baseline -0.003 -7"><span class='ocrx_word' id='word_1_38' title='bbox 333 1219 477 1266; x_wconf 80' lang='grc' dir='ltr'>Φοίβου</span> <span class='ocrx_word' id='word_1_39' title='bbox 495 1219 734 1259; x_wconf 83' lang='grc' dir='ltr'>ἀκούσαντες</span> <span class='ocrx_word' id='word_1_40' title='bbox 753 1218 988 1267; x_wconf 82' lang='grc' dir='ltr'>Πυθώνοθεν,</span> <span class='ocrx_word' id='word_1_41' title='bbox 1009 1215 1130 1258; x_wconf 84' lang='grc' dir='ltr'>οἷκάδ’</span> <span class='ocrx_word' id='word_1_42' title='bbox 1150 1217 1300 1258; x_wconf 82' lang='grc' dir='ltr'>ἔνεικαν</span> 
     </span>
     <span class='ocr_line' id='line_1_12' title="bbox 384 1286 1155 1339; baseline -0.004 -10"><span class='ocrx_word' id='word_1_43' title='bbox 384 1290 569 1339; x_wconf 81' lang='grc' dir='ltr'>μαντείας</span> <span class='ocrx_word' id='word_1_44' title='bbox 586 1304 632 1327; x_wconf 95' lang='grc' dir='ltr'>τε</span> <span class='ocrx_word' id='word_1_45' title='bbox 652 1289 750 1335; x_wconf 83' lang='grc' dir='ltr'>θεοῦ,</span> <span class='ocrx_word' id='word_1_46' title='bbox 772 1287 836 1327; x_wconf 80' lang='grc' dir='ltr'>καὶ</span> <span class='ocrx_word' id='word_1_47' title='bbox 854 1286 1030 1326; x_wconf 79' lang='grc' dir='ltr'>τελέεντ’</span> <span class='ocrx_word' id='word_1_48' title='bbox 1051 1286 1155 1326; x_wconf 83' lang='grc' dir='ltr'>ἔπεα.</span> 
     </span>
     <span class='ocr_line' id='line_1_13' title="bbox 333 1353 1221 1410; baseline -0.003 -13"><span class='ocrx_word' id='word_1_49' title='bbox 333 1358 470 1410; x_wconf 73' lang='grc' dir='ltr'>ἄρχειν</span> <span class='ocrx_word' id='word_1_50' title='bbox 486 1356 559 1406; x_wconf 82' lang='grc' dir='ltr'>μὲν</span> <span class='ocrx_word' id='word_1_51' title='bbox 577 1357 728 1402; x_wconf 78' lang='grc' dir='ltr'>βουλᾶς</span> <span class='ocrx_word' id='word_1_52' title='bbox 746 1353 995 1404; x_wconf 89' lang='grc' dir='ltr'>θεοτιμάτους</span> <span class='ocrx_word' id='word_1_53' title='bbox 1013 1356 1221 1402; x_wconf 82' lang='grc' dir='ltr'>βασιλῆας,</span> 
     </span>
     <span class='ocr_line' id='line_1_14' title="bbox 385 1420 1163 1474; baseline -0.003 -10"><span class='ocrx_word' id='word_1_54' title='bbox 385 1423 463 1464; x_wconf 78' lang='grc' dir='ltr'>οἷσι</span> <span class='ocrx_word' id='word_1_55' title='bbox 480 1421 594 1473; x_wconf 86' lang='grc' dir='ltr'>μέλει</span> <span class='ocrx_word' id='word_1_56' title='bbox 612 1421 793 1474; x_wconf 80' lang='grc' dir='ltr'>Σπάρτας</span> <span class='ocrx_word' id='word_1_57' title='bbox 812 1420 1023 1473; x_wconf 81' lang='grc' dir='ltr'>ἱμερόεσσα</span> <span class='ocrx_word' id='word_1_58' title='bbox 1037 1420 1163 1469; x_wconf 86' lang='grc' dir='ltr'>πόλις,</span> 
     </span>
     <span class='ocr_line' id='line_1_15' title="bbox 331 1488 1400 1546; baseline -0.003 -14"><span class='ocrx_word' id='word_1_59' title='bbox 331 1491 557 1546; x_wconf 80' lang='grc' dir='ltr'>πρεσβύτας</span> <span class='ocrx_word' id='word_1_60' title='bbox 571 1507 618 1530; x_wconf 90' lang='grc' dir='ltr'>τε</span> <span class='ocrx_word' id='word_1_61' title='bbox 636 1489 836 1542; x_wconf 80' lang='grc' dir='ltr'>γέροντας,</span> <span class='ocrx_word' id='word_1_62' title='bbox 859 1489 994 1529; x_wconf 82' lang='grc' dir='ltr'>ἔπειτα</span> <span class='ocrx_word' id='word_1_63' title='bbox 1012 1488 1054 1529; x_wconf 84' lang='grc' dir='ltr'>δὲ</span> <span class='ocrx_word' id='word_1_64' title='bbox 1074 1489 1243 1539; x_wconf 88' lang='grc' dir='ltr'>δαμότας</span> <span class='ocrx_word' id='word_1_65' title='bbox 1263 1491 1400 1540; x_wconf 81' lang='grc' dir='ltr'>ἄνδρας</span> 
     </span>
     <span class='ocr_line' id='line_1_16' title="bbox 386 1555 1150 1610; baseline -0.004 -11"><span class='ocrx_word' id='word_1_66' title='bbox 386 1558 546 1599; x_wconf 82' lang='grc' dir='ltr'>εὐθείαις</span> <span class='ocrx_word' id='word_1_67' title='bbox 564 1558 719 1610; x_wconf 80' lang='grc' dir='ltr'>ῥήτραις</span> <span class='ocrx_word' id='word_1_68' title='bbox 737 1555 1150 1607; x_wconf 83' lang='grc' dir='ltr'>ἄνταπομειβομένους.</span> 
     </span>
    </p>
   </div>
   <div class='ocr_carea' id='block_1_5' title="bbox 335 1695 1202 1879">
    <p class='ocr_par' dir='ltr' id='par_1_5' title="bbox 335 1695 1202 1879">
     <span class='ocr_line' id='line_1_17' title="bbox 842 1695 900 1731; baseline 0 0"><span class='ocrx_word' id='word_1_69' title='bbox 842 1695 858 1731; x_wconf 95' lang='lat' dir='ltr'>l</span> <span class='ocrx_word' id='word_1_70' title='bbox 868 1695 900 1731; x_wconf 91' lang='lat' dir='ltr'>l.</span> 
     </span>
     <span class='ocr_line' id='line_1_18' title="bbox 335 1759 1202 1813; baseline -0.003 -12"><span class='ocrx_word' id='word_1_71' title='bbox 335 1761 507 1813; x_wconf 80' lang='grc' dir='ltr'>ἆμετέρῳ</span> <span class='ocrx_word' id='word_1_72' title='bbox 525 1762 833 1808; x_wconf 79' lang='grc' dir='ltr'>βασιλῆι,θεοῖσι</span> <span class='ocrx_word' id='word_1_73' title='bbox 851 1760 955 1810; x_wconf 86' lang='grc' dir='ltr'>φίλῳ</span> <span class='ocrx_word' id='word_1_74' title='bbox 974 1759 1202 1810; x_wconf 86' lang='grc' dir='ltr'>Θεοπόμπῳ,</span> 
     </span>
     <span class='ocr_line' id='line_1_19' title="bbox 385 1826 1160 1879; baseline -0.004 -11"><span class='ocrx_word' id='word_1_75' title='bbox 385 1830 431 1869; x_wconf 71' lang='grc' dir='ltr'>ὒν</span> <span class='ocrx_word' id='word_1_76' title='bbox 450 1829 511 1868; x_wconf 86' lang='grc' dir='ltr'>διὰ</span> <span class='ocrx_word' id='word_1_77' title='bbox 531 1827 745 1868; x_wconf 82' lang='grc' dir='ltr'>Μεσσάναν</span> <span class='ocrx_word' id='word_1_78' title='bbox 765 1827 922 1878; x_wconf 77' lang='grc' dir='ltr'>εἵλομεν</span> <span class='ocrx_word' id='word_1_79' title='bbox 941 1826 1160 1879; x_wconf 82' lang='grc' dir='ltr'>εὐρύχορον.</span> 
     </span>
    </p>
   </div>
   <div class='ocr_carea' id='block_1_6' title="bbox 389 1964 1264 2084">
    <p class='ocr_par' dir='ltr' id='par_1_6' title="bbox 389 1964 1264 2084">
     <span class='ocr_line' id='line_1_20' title="bbox 843 1964 902 2000; baseline 0 0"><span class='ocrx_word' id='word_1_80' title='bbox 843 1964 902 2000; x_wconf 89' lang='grc'>12.</span> 
     </span>
     <span class='ocr_line' id='line_1_21' title="bbox 389 2026 1264 2084; baseline -0.006 -12"><span class='ocrx_word' id='word_1_81' title='bbox 389 2033 476 2084; x_wconf 78' lang='grc' dir='ltr'>πρὶν</span> <span class='ocrx_word' id='word_1_82' title='bbox 494 2032 632 2084; x_wconf 77' lang='grc' dir='ltr'>ἀρετᾶς</span> <span class='ocrx_word' id='word_1_83' title='bbox 651 2027 823 2069; x_wconf 85' lang='grc' dir='ltr'>πελάσαι</span> <span class='ocrx_word' id='word_1_84' title='bbox 841 2028 1028 2080; x_wconf 81' lang='grc' dir='ltr'>τέρμασιν</span> <span class='ocrx_word' id='word_1_85' title='bbox 1044 2029 1070 2076; x_wconf 74' lang='grc' dir='ltr'>ἢ</span> <span class='ocrx_word' id='word_1_86' title='bbox 1091 2026 1264 2068; x_wconf 87' lang='grc' dir='ltr'>θανάτου.</span> 
     </span>
    </p>
   </div>
   <div class='ocr_carea' id='block_1_7' title="bbox 477 2166 1164 2487">
    <p class='ocr_par' dir='ltr' id='par_1_7' title="bbox 477 2166 1164 2487">
     <span class='ocr_line' id='line_1_22' title="bbox 843 2166 901 2203; baseline 0.017 -1"><span class='ocrx_word' id='word_1_87' title='bbox 843 2166 901 2203; x_wconf 87' lang='grc'>13.</span> 
     </span>
     <span class='ocr_line' id='line_1_23' title="bbox 550 2228 1126 2283; baseline -0.009 -10"><span class='ocrx_word' id='word_1_88' title='bbox 550 2233 673 2283; x_wconf 74' lang='grc' dir='ltr'>ἄγετ’,</span> <span class='ocrx_word' id='word_1_89' title='bbox 696 2232 724 2271; x_wconf 73' lang='grc' dir='ltr'><em>ὦ</em></span> <span class='ocrx_word' id='word_1_90' title='bbox 743 2230 924 2283; x_wconf 79' lang='grc' dir='ltr'>Σπάρτας</span> <span class='ocrx_word' id='word_1_91' title='bbox 945 2228 1126 2282; x_wconf 79' lang='grc' dir='ltr'>εὐάνδρου</span> 
     </span>
     <span class='ocr_line' id='line_1_24' title="bbox 551 2297 1125 2351; baseline -0.009 -11"><span class='ocrx_word' id='word_1_92' title='bbox 551 2302 678 2351; x_wconf 85' lang='grc' dir='ltr'>κοῦροι</span> <span class='ocrx_word' id='word_1_93' title='bbox 696 2297 844 2349; x_wconf 83' lang='grc' dir='ltr'>πάτρας</span> <span class='ocrx_word' id='word_1_94' title='bbox 860 2298 1057 2344; x_wconf 84' lang='grc' dir='ltr'>πολίαται,</span> <span class='ocrx_word' id='word_1_95' title='bbox 1123 2344 1125 2346; x_wconf 27' lang='lat'>¹</span> 
     </span>
     <span class='ocr_line' id='line_1_25' title="bbox 477 2364 1119 2418; baseline -0.005 -11"><span class='ocrx_word' id='word_1_96' title='bbox 477 2379 486 2383; x_wconf 71' lang='grc'>’</span> <span class='ocrx_word' id='word_1_97' title='bbox 552 2368 647 2418; x_wconf 77' lang='grc' dir='ltr'>λαιᾷ</span> <span class='ocrx_word' id='word_1_98' title='bbox 665 2364 737 2416; x_wconf 77' lang='grc' dir='ltr'>μὲν</span> <span class='ocrx_word' id='word_1_99' title='bbox 753 2366 840 2404; x_wconf 72' lang='grc' dir='ltr'>ἴτυν</span> <span class='ocrx_word' id='word_1_100' title='bbox 857 2364 1119 2417; x_wconf 85' lang='grc' dir='ltr'>προβάλεσθε,</span> 
     </span>
     <span class='ocr_line' id='line_1_26' title="bbox 554 2433 1164 2487; baseline 0 -14"><span class='ocrx_word' id='word_1_101' title='bbox 554 2434 643 2487; x_wconf 87' lang='grc' dir='ltr'>δόρυ</span> <span class='ocrx_word' id='word_1_102' title='bbox 662 2434 693 2473; x_wconf 79' lang='grc' dir='ltr'>δ’</span> <span class='ocrx_word' id='word_1_103' title='bbox 715 2433 912 2483; x_wconf 86' lang='grc' dir='ltr'>εὐτόλμως</span> <span class='ocrx_word' id='word_1_104' title='bbox 931 2433 1164 2482; x_wconf 84' lang='grc' dir='ltr'>βάλλοντες,</span> 
     </span>
    </p>
   </div>
  </div>
 </body>
</html>
