1644 2924
818 321 881 366 60

255 447 436 498 Τυδείδης
455 449 488 488 δ’
508 448 722 490 ἐσπείσατο
743 448 905 502 Γλαύκῳ
923 450 1189 503 Ἱππολόχοιο,

253 514 414 568 χάλκεα
431 516 464 556 δ’
484 516 591 557 ὅπλα
609 517 749 570 ἄμειψε
767 517 832 558 καὶ
851 517 983 558 εἵλετο
1001 517 1155 572 χρύσεα
1171 520 1268 559 τοῖο.

255 585 350 627 Ζεὺς
367 583 445 636 γάρ
461 601 508 626 τε
527 584 669 638 φρένας
687 585 926 638 ὀλβιοδῶρου
942 585 1084 627 κύδανε
1103 587 1290 636 Γλαύκου,

254 653 306 694 ὥς
325 668 395 693 κεν
412 652 472 693 ἀεὶ
492 651 610 695 κλέος
628 653 794 705 ἄφθιτον
812 653 925 694 ἔσται
942 652 1207 705 ξεινοσυνάων.

245 717 401 772 Ἕκτωρ
419 720 452 759 δ’
471 720 522 760 ὥς
541 719 722 760 ἐπέτειλε
739 718 892 772 Τρωάσι
907 719 1012 773 ῥέξαι
1027 720 1183 774 Ἀθήνῃ,

253 790 308 837 βῆ
323 789 357 841 ῥ’
374 788 463 839 ἴμεν
480 788 670 841 ὀτρυνέων
687 789 752 829 καὶ
769 787 1026 842 Ἀλέξανδρον
1043 788 1278 841 πολεμίζειν.

253 854 370 897 αὐτὸς
388 856 421 896 δ’
438 854 712 909 Ἀνδρομάχην
728 872 775 896 τε
794 856 858 897 καὶ
877 855 962 897 υἱέα
978 855 1252 898 Ἀστυάνακτα

252 924 492 978 ἀρτιφρόνων
508 924 707 978 πραπίδων
725 925 887 975 ἀγανοῖς
905 925 1149 976 βουλεύμασι
1168 925 1307 979 θέλξας

251 993 361 1045 ῥώετ’
381 993 457 1034 ἀπὺ
475 992 640 1034 πτόλιος
657 993 732 1034 σὺν
748 990 990 1045 Ἀλεξάνδρῳ
1007 994 1100 1034 ποτὶ
1118 993 1285 1047 χάρμην.

306 1061 383 1102 ἔνθ’
403 1061 461 1114 ἄρ’
479 1060 734 1112 Ἀλέξανδρος
750 1058 824 1110 μὲν
842 1059 988 1111 ἔπεφνε
1007 1059 1224 1102 Μενέσθιον
1243 1062 1369 1115 ἔγχει,

244 1125 400 1181 Ἕκτωρ
419 1129 452 1170 δ’
470 1129 642 1177 Ἦιονῆα,
662 1126 833 1179 Ἰφίνοον
850 1126 894 1168 δὲ
913 1129 1102 1169 Γλαῦκος·

252 1196 347 1237 Αἴας
365 1196 398 1236 δ’
419 1198 464 1236 ἐκ
482 1194 724 1246 προκλήσιος
733 1193 896 1247 Ἕκτορι
915 1197 1023 1247 δῆριν
1041 1193 1168 1248 ὄρίνας

252 1263 415 1312 νικήσας
433 1263 542 1312 νίκης
561 1262 760 1315 ἐριγήθεος
778 1262 911 1302 εἵλετο
927 1265 1042 1315 δῶρα,

252 1333 356 1371 νῶτα
373 1331 468 1377 βόος
485 1328 690 1382 μεγάλοιο,
710 1328 763 1370 τά
780 1331 818 1370 οἱ
834 1328 931 1371 τότε
949 1332 1072 1371 δῶκεν
1089 1331 1299 1383 Ἀτρείδης.

304 1397 334 1439 ὦ
354 1397 540 1451 σχέτλιοι
556 1397 732 1451 μέροπες,
748 1397 1028 1451 ωακοφραδέες,
1049 1397 1285 1450 ἀγριόθυμοι,

252 1465 290 1506 οἳ
308 1464 458 1506 νείκους
473 1464 548 1516 μὲν
563 1464 674 1506 τίετε
692 1464 821 1505 εἴδωλ’
839 1463 1156 1515 Ἔμπεδοκλείου,

250 1532 410 1585 χωλούς
426 1549 473 1573 τε
490 1532 659 1585 ῥυσσούς
675 1548 722 1573 τε
739 1530 1009 1585 παραβλῶπάς
1025 1531 1063 1572 τ’
1080 1531 1283 1583 ὀφθαλμὼ,

251 1599 389 1653 ἀνέρας
406 1599 585 1651 ἡμιθέους
602 1599 646 1640 δὲ
662 1600 783 1640 τοίοις
799 1600 909 1639 τίετε
927 1599 1070 1652 δώροις,

250 1668 278 1717 ἢ
295 1666 392 1714 βόος
407 1667 435 1716 ἢ
453 1667 533 1708 ὄϊος
550 1667 577 1715 ἢ
595 1666 742 1719 ὄρνιθος
758 1664 983 1716 μελέεσσιν,

252 1733 332 1776 οῖσι
349 1734 439 1784 κᾶμ’
459 1732 585 1774 ἀέκων
602 1732 819 1774 δειδίσκετο
839 1733 971 1773 οὔλιος
989 1732 1096 1785 ἀνὴρ,

252 1800 282 1854 ᾧ
299 1802 389 1855 πρὶν
404 1803 483 1853 ἐγὼ
502 1800 684 1851 θήτευσα,
705 1803 893 1853 κατηφῶν
909 1798 1115 1849 Ἰσαάκιος,

250 1870 311 1920 ᾖδ’
330 1871 482 1922 ἄλοχος
500 1870 629 1911 κείνου
645 1868 881 1922 περικερδὴς,
903 1866 1204 1919 ἀγκυλόβουλος

251 1936 435 1979 δειδιότες
453 1937 555 1988 ἀμὴν
572 1935 788 1990 ἀγέρωχον,
808 1935 1066 1977 καλλιέπειαν

250 2006 374 2055 τίμων
390 2005 424 2045 δ’
443 2004 712 2058 ἀφρονέοντες,
732 2003 819 2043 ὅσοι
835 2004 921 2044 τοῖς
937 2003 1084 2063 αἴσχεα
1100 2001 1214 2050 ἦσαν,

184 2095 187 2098 ’
251 2073 401 2127 λεπροὶ,
421 2071 714 2126 ψεδνοκάρηνες,
734 2071 885 2124 ἀίδριες,
905 2071 1033 2124 ἄχθεα
1049 2070 1176 2122 γαίης,

251 2141 393 2182 οὕνεκα
409 2141 463 2194 τῇ
479 2139 660 2181 πείθοντο
675 2139 780 2192 παρὰ
797 2137 971 2191 κρυφίοις
987 2136 1216 2190 λεχέεσσιν,

251 2209 330 2248 οὐδ’
350 2209 402 2248 ὥς
419 2208 541 2248 ἄλλοι
559 2205 738 2261 ἀνῄνανθ
757 2207 795 2246 οἱ
812 2206 1016 2258 περιώσιον
1035 2204 1167 2254 ἇσθεν,

253 2275 318 2317 καὶ
337 2273 475 2316 ἐσθλοί
491 2289 565 2328 περ
583 2274 726 2322 ἐόντες,
747 2270 979 2326 σωφροσύνῃ
998 2271 1031 2312 δ’
1051 2273 1097 2312 οὐ
1115 2274 1319 2324 χραῖσμεν.

253 2341 363 2384 ἀλλά
380 2358 426 2383 νυ
442 2344 547 2383 τοῖσι
566 2340 668 2390 Δίκη
687 2340 752 2382 καὶ
771 2339 957 2381 ὑστάτιόν
974 2356 1047 2393 περ
1066 2339 1206 2392 ἀρήξει,

255 2410 373 2452 αὐτὰς
391 2410 424 2450 δ’
443 2408 491 2451 αὖ
510 2407 655 2459 ὀλέσει,
675 2407 922 2456 πολυεύνους,
945 2406 1276 2460 κλεψιγαμούσας,
