1644 2924
889 308 951 352 64

325 435 517 488 χείματος
536 436 770 488 ἱσταμένοιο,
789 437 921 488 μένειν
939 436 1128 479 ἀπάνευθε
1146 436 1351 490 Λεάνδρου,
1428 458 1437 480 ·,
1464 445 1473 450 ’“
1499 439 1502 449 ’

323 504 462 556 μηκέτ’
482 505 730 556 ἀναπτομένη
747 507 948 560 μινυώριον
966 506 1114 558 ἀστέρα
1130 505 1317 558 λέκτρων.

325 573 435 614 ἀλλὰ
452 573 571 615 πόθος
588 574 652 614 καὶ
670 576 786 626 μοῖρα
802 573 987 622 βιήσατο·
1015 573 1237 624 θελγομένη
1256 573 1299 614 δὲ

323 640 492 694 μοιράων
503 639 693 693 ’ἀνέφαινε
712 643 776 683 καὶ
796 641 926 683 οὐκέτι
945 643 1068 683 δαλὸν
1089 643 1251 695 ἐρώτων.

325 709 392 760 νὺξ
410 709 470 759 ἧν,
493 709 583 750 εὖτε
600 708 779 761 μάλιστα
796 711 1096 763 βαρυπνείοντες
1116 710 1243 758 ἀῆται,
1268 715 1276 721 “

323 778 525 831 χειμερίης
542 780 723 832 πνοιῇσιν
741 776 1011 828 ἀκοντίζοντες
1030 778 1157 826 ἀῆται,

271 847 279 860 “
325 844 454 896 ἀθρόοι
474 845 733 896 ἐμπίπτουσιν
751 845 814 886 ἐπὶ
832 847 989 898 ῥηγμῖνι
1009 844 1228 893 θαλάσσης·

325 913 373 961 δὴ
391 913 486 953 τότε
503 911 710 966 Λείανδρός
727 928 800 965 περ
821 911 1006 963 ἐθήμονος
1025 911 1154 952 ἐλπίδι
1172 911 1324 963 νύμφης

325 979 578 1020 δυσκελάδων
594 979 796 1032 πεφόρητο
816 978 1069 1020 θαλασσαίων
1087 979 1149 1019 ἐπὶ
1168 980 1310 1020 νώτων.

322 1049 398 1097 ἤδη
410 1040 560 1099 ’κύματι
579 1050 682 1098 κῦμα
700 1045 918 1094 κυλίνδετο,
941 1044 1124 1098 σύγχυτο
1145 1046 1177 1086 δ’
1197 1047 1305 1100 ὕδωρ,

323 1114 444 1169 αἰθέρι
460 1115 631 1166 μίσγετο
650 1114 807 1155 πόντος·
834 1112 1023 1166 ἀνέγρετο
1042 1111 1236 1155 πάντοθεν
1253 1114 1338 1166 ἠχὴ

322 1181 573 1237 μαρναμένων
592 1181 755 1232 ἀνέμων·
783 1179 934 1234 ζεφύρῳ
953 1180 986 1221 δ’
1005 1179 1217 1222 ἀντέπνεεν
1235 1181 1354 1234 εὖρος,

323 1252 387 1292 καὶ
407 1250 520 1292 νότος
540 1253 580 1310 ἐς
597 1249 742 1303 βορέην
757 1249 939 1301 μεγάλας
957 1249 1130 1302 ἀφέηκεν
1148 1249 1323 1298 ἀπειλάς,

323 1320 388 1361 καὶ
408 1319 554 1360 κτύπος
572 1319 622 1367 ἣν
639 1320 830 1360 ἀλίαστος
850 1317 1123 1372 ἐρισμαράγοιο
1142 1317 1358 1368 θαλάσσης.

322 1389 532 1437 αἰνοπαθὴς
551 1387 594 1429 δὲ
611 1386 802 1441 Λέανδρος
821 1387 1035 1436 ἀκηλήτοις
1054 1388 1109 1428 ἐνὶ
1128 1389 1248 1428 δίναις

322 1454 498 1498 πολλάκι
514 1455 589 1507 μὲν
605 1454 816 1496 λιτάνευσε
834 1453 1084 1503 θαλάσσαίην
1098 1455 1345 1507 Ἀφροδίτην,

322 1522 498 1565 πολλάκι
517 1523 550 1564 δ’
570 1524 688 1579 αὐτὸν
706 1522 857 1563 ἄνακτα
875 1520 1125 1562 Ποσειδάωνα
1144 1520 1362 1571 θαλάσσης·

322 1591 498 1633 Ἀτθίδος
517 1592 562 1632 οὗ
579 1589 727 1643 Βορέην
745 1590 946 1642 ἀμνήμονα
964 1589 1136 1631 κάλλιπε
1155 1589 1317 1641 νύμφης.

324 1658 434 1700 ἀλλά
451 1660 488 1699 οἱ
506 1660 612 1700 οὔτις
630 1658 791 1712 ἄρηγεν·
819 1658 914 1710 ἔρως·
930 1659 962 1698 δ’
981 1659 1053 1698 οὐκ
1070 1659 1214 1710 ἤρκεσε
1231 1657 1376 1710 μοίρας.

323 1727 487 1768 πάντοθι
506 1727 539 1767 δ’
559 1725 789 1778 ἀγρομένοισ
809 1725 995 1767 δυσαντέῖ
1010 1725 1182 1778 κύματος
1200 1727 1299 1780 ὁρμῇ

322 1793 566 1845 τυπτόμενος
582 1792 955 1847 πεφόρητο··ποδῶν
973 1793 1020 1834 δέ
1035 1795 1073 1834 οἱ
1090 1795 1274 1835 ὤκλασεν
1291 1794 1400 1846 ὁρμή,
1476 1791 1483 1838 f
1510 1823 1513 1828 ›

324 1862 389 1903 καὶ
409 1860 545 1902 σθένος
562 1861 612 1909 ἦν
630 1860 822 1910 ἀδόνητον
839 1861 1060 1912 ἀκοιμήτων
1076 1859 1304 1911 παλαμάων.

322 1928 458 1976 πολλὴ
478 1929 510 1968 δ’
531 1926 761 1978 αὐτόματος
765 1928 884 1980 χύσις
902 1929 1045 1969 ὕδατος
1058 1927 1164 1981 ἔρῤεε
1181 1929 1319 1978 λαιμῷ,

324 1996 388 2038 καὶ
406 1997 530 2037 ποτὸν
548 1995 767 2048 ἀχρήῒστον
784 1995 1049 2047 ἀμαιμακέτου
1067 1996 1156 2036 πίεν
1173 1994 1316 2045 ἅλμης·

323 2064 387 2105 καὶ
407 2064 454 2112 δὴ
473 2062 627 2116 λύχνον
644 2063 812 2104 ἄπιστον
829 2063 1032 2111 ἀπέσβεσε
1050 2064 1184 2115 πικρὸς
1202 2063 1335 2112 ἀήτης,

322 2131 387 2172 καὶ
406 2130 540 2183 ψυχὴν
557 2130 621 2170 καὶ
642 2129 765 2182 ἔρωτα
781 2131 1049 2179 πολυτλήτοεο
1067 2129 1272 2183 Λεάνδρου.

321 2199 348 2247 ἡ
368 2198 400 2238 δ’
420 2197 478 2237 ἔτι
498 2196 727 2245 δηθύνοντος
743 2197 802 2238 ἐπ’
823 2197 1076 2251 ἀγρύπνοισιν
1094 2197 1264 2239 ὀπωπαῒς

320 2265 474 2312 ἵστατο,
495 2263 734 2314 κυμαίνουσα
751 2264 1090 2306 πολυκλαύστοισι
1106 2264 1316 2316 μερίμναις-4

321 2335 443 2382 ἤλυθε
462 2333 494 2372 δ’
512 2330 719 2386 ἠριγένεια,
741 2333 805 2373 καὶ
825 2334 895 2373 οὐκ
911 2333 973 2373 ἴδε
991 2334 1156 2385 νυμφίον
1173 2333 1286 2386 Ἡρῶ·

322 2400 484 2442 πάντοθι
501 2401 536 2441 δ’
555 2401 660 2451 ὄμμα
675 2400 849 2441 τίταινεν
867 2401 927 2440 ἐπ’
947 2399 1059 2453 εὐρέα
1077 2404 1181 2441 νᾶντα
1199 2399 1414 2449 θαλάσσης,
