<?xml version="1.0" encoding="UTF-8"?>
<!DOCTYPE html PUBLIC "-//W3C//DTD XHTML 1.0 Transitional//EN"
    "http://www.w3.org/TR/xhtml1/DTD/xhtml1-transitional.dtd">
<html xmlns="http://www.w3.org/1999/xhtml" xml:lang="en" lang="en">
 <head>
  <title>
</title>
<meta http-equiv="Content-Type" content="text/html;charset=utf-8" />
  <meta name='ocr-system' content='tesseract 3.04.00' />
  <meta name='ocr-capabilities' content='ocr_page ocr_carea ocr_par ocr_line ocrx_word'/>
</head>
<body>
  <div class='ocr_page' id='page_1' title='image "./scriptoresgraeci01gileuoft_0230.png"; bbox 0 0 1644 2924; ppageno 0'>
   <div class='ocr_carea' id='block_1_1' title="bbox 846 286 908 335">
    <p class='ocr_par' dir='ltr' id='par_1_1' title="bbox 846 286 908 335">
     <span class='ocr_line' id='line_1_1' title="bbox 846 286 908 335; baseline -0.097 0"><span class='ocrx_word' id='word_1_1' title='bbox 846 286 908 335; x_wconf 85' lang='lat'>26</span> 
     </span>
    </p>
   </div>
   <div class='ocr_carea' id='block_1_2' title="bbox 343 413 1452 1279">
    <p class='ocr_par' dir='ltr' id='par_1_2' title="bbox 343 413 1358 671">
     <span class='ocr_line' id='line_1_2' title="bbox 343 413 1350 470; baseline 0.005 -17"><span class='ocrx_word' id='word_1_2' title='bbox 343 413 570 465; x_wconf 75' lang='grc' dir='ltr'>τηλεφανὴς</span> <span class='ocrx_word' id='word_1_3' title='bbox 586 414 650 454; x_wconf 82' lang='grc' dir='ltr'>ἵνα</span> <span class='ocrx_word' id='word_1_4' title='bbox 667 414 788 454; x_wconf 75' lang='grc' dir='ltr'>πᾶσιν</span> <span class='ocrx_word' id='word_1_5' title='bbox 806 415 875 462; x_wconf 77' lang='grc' dir='ltr'>ἑὴν</span> <span class='ocrx_word' id='word_1_6' title='bbox 892 413 1009 467; x_wconf 98' lang='grc' dir='ltr'>χάριν</span> <span class='ocrx_word' id='word_1_7' title='bbox 1027 415 1186 468; x_wconf 76' lang='grc' dir='ltr'>ἀνδράσι</span> <span class='ocrx_word' id='word_1_8' title='bbox 1205 416 1350 470; x_wconf 82' lang='grc' dir='ltr'>πέμπῃ.</span> 
     </span>
     <span class='ocr_line' id='line_1_3' title="bbox 346 480 1320 534; baseline 0.004 -13"><span class='ocrx_word' id='word_1_9' title='bbox 346 481 412 522; x_wconf 78' lang='grc' dir='ltr'>καὶ</span> <span class='ocrx_word' id='word_1_10' title='bbox 430 480 478 521; x_wconf 79' lang='grc' dir='ltr'>τὸ</span> <span class='ocrx_word' id='word_1_11' title='bbox 495 481 569 531; x_wconf 84' lang='grc' dir='ltr'>μὲν</span> <span class='ocrx_word' id='word_1_12' title='bbox 589 480 846 534; x_wconf 77' lang='grc' dir='ltr'>ἐξελάχαινον</span> <span class='ocrx_word' id='word_1_13' title='bbox 869 484 1096 534; x_wconf 86' lang='grc' dir='ltr'>ἐφημοσύνη</span> <span class='ocrx_word' id='word_1_14' title='bbox 1115 487 1320 533; x_wconf 80' lang='grc' dir='ltr'>βασιλῆος.</span> 
     </span>
     <span class='ocr_line' id='line_1_4' title="bbox 345 547 1358 604; baseline 0.005 -16"><span class='ocrx_word' id='word_1_15' title='bbox 345 547 479 596; x_wconf 78' lang='grc' dir='ltr'>ἠέλιος</span> <span class='ocrx_word' id='word_1_16' title='bbox 497 548 530 588; x_wconf 84' lang='grc' dir='ltr'>δ’</span> <span class='ocrx_word' id='word_1_17' title='bbox 550 549 619 589; x_wconf 75' lang='grc' dir='ltr'>ὅτε</span> <span class='ocrx_word' id='word_1_18' title='bbox 637 548 760 590; x_wconf 85' lang='grc' dir='ltr'>νύκτα</span> <span class='ocrx_word' id='word_1_19' title='bbox 777 549 1011 592; x_wconf 79' lang='grc' dir='ltr'>παλίνσκιον</span> <span class='ocrx_word' id='word_1_20' title='bbox 1030 550 1213 604; x_wconf 79' lang='grc' dir='ltr'>ἀνδράσιν</span> <span class='ocrx_word' id='word_1_21' title='bbox 1231 552 1358 593; x_wconf 76' lang='grc' dir='ltr'>ἕλκων</span> 
     </span>
     <span class='ocr_line' id='line_1_5' title="bbox 347 613 1276 671; baseline 0.005 -16"><span class='ocrx_word' id='word_1_22' title='bbox 347 617 388 656; x_wconf 87' lang='grc' dir='ltr'>ἐς</span> <span class='ocrx_word' id='word_1_23' title='bbox 406 613 517 656; x_wconf 88' lang='grc' dir='ltr'>δύσιν</span> <span class='ocrx_word' id='word_1_24' title='bbox 535 614 791 668; x_wconf 78' lang='grc' dir='ltr'>ἇχλυόπεζαν</span> <span class='ocrx_word' id='word_1_25' title='bbox 809 616 1006 666; x_wconf 80' lang='grc' dir='ltr'>ἑκηβόλον</span> <span class='ocrx_word' id='word_1_26' title='bbox 1025 617 1191 671; x_wconf 79' lang='grc' dir='ltr'>ἔτραπεν</span> <span class='ocrx_word' id='word_1_27' title='bbox 1209 621 1276 668; x_wconf 80' lang='grc' dir='ltr'>ἠῶ,</span> 
     </span>
    </p>

    <p class='ocr_par' dir='ltr' id='par_1_3' title="bbox 348 681 1183 735">
     <span class='ocr_line' id='line_1_6' title="bbox 348 681 1183 735; baseline 0.005 -13"><span class='ocrx_word' id='word_1_28' title='bbox 348 683 396 731; x_wconf 75' lang='grc' dir='ltr'>δὴ</span> <span class='ocrx_word' id='word_1_29' title='bbox 413 681 516 727; x_wconf 88' lang='grc' dir='ltr'>τότε,</span> <span class='ocrx_word' id='word_1_30' title='bbox 526 681 701 735; x_wconf 83' lang='grc' dir='ltr'>κηρύκων</span> <span class='ocrx_word' id='word_1_31' title='bbox 720 683 948 725; x_wconf 85' lang='grc' dir='ltr'>ἐπεκίδνατο</span> <span class='ocrx_word' id='word_1_32' title='bbox 966 685 1066 726; x_wconf 76' lang='grc' dir='ltr'>λαὸν</span> <span class='ocrx_word' id='word_1_33' title='bbox 1085 686 1183 734; x_wconf 70' lang='grc' dir='ltr'>ἀϋτὴ</span> 
     </span>
    </p>

    <p class='ocr_par' dir='ltr' id='par_1_4' title="bbox 346 747 1385 869">
     <span class='ocr_line' id='line_1_7' title="bbox 346 747 1385 802; baseline 0.005 -13"><span class='ocrx_word' id='word_1_34' title='bbox 346 747 510 800; x_wconf 74' lang='grc' dir='ltr'>φεύγειν</span> <span class='ocrx_word' id='word_1_35' title='bbox 528 749 783 800; x_wconf 75' lang='grc' dir='ltr'>ἀγγελέουσα</span> <span class='ocrx_word' id='word_1_36' title='bbox 800 750 865 791; x_wconf 76' lang='grc' dir='ltr'>καὶ</span> <span class='ocrx_word' id='word_1_37' title='bbox 885 750 1054 802; x_wconf 82' lang='grc' dir='ltr'>ἑλκέμεν</span> <span class='ocrx_word' id='word_1_38' title='bbox 1071 752 1126 792; x_wconf 84' lang='grc' dir='ltr'>εἷς</span> <span class='ocrx_word' id='word_1_39' title='bbox 1145 751 1226 793; x_wconf 74' lang='grc' dir='ltr'>ἅλα</span> <span class='ocrx_word' id='word_1_40' title='bbox 1245 751 1385 802; x_wconf 89' lang='grc' dir='ltr'>κοίλην</span> 
     </span>
     <span class='ocr_line' id='line_1_8' title="bbox 346 816 1227 869; baseline 0.006 -13"><span class='ocrx_word' id='word_1_41' title='bbox 346 818 440 864; x_wconf 81' lang='grc' dir='ltr'>νῆας</span> <span class='ocrx_word' id='word_1_42' title='bbox 460 816 678 869; x_wconf 80' lang='grc' dir='ltr'>ἐῢκραίρους</span> <span class='ocrx_word' id='word_1_43' title='bbox 698 817 772 858; x_wconf 77' lang='grc' dir='ltr'>ἀνά</span> <span class='ocrx_word' id='word_1_44' title='bbox 790 833 837 858; x_wconf 89' lang='grc' dir='ltr'>τε</span> <span class='ocrx_word' id='word_1_45' title='bbox 854 818 1076 869; x_wconf 78' lang='grc' dir='ltr'>πρυμνήσια</span> <span class='ocrx_word' id='word_1_46' title='bbox 1093 821 1227 860; x_wconf 84' lang='grc' dir='ltr'>λῦσαι·</span> 
     </span>
    </p>

    <p class='ocr_par' dir='ltr' id='par_1_5' title="bbox 346 877 1325 1004">
     <span class='ocr_line' id='line_1_9' title="bbox 346 877 1325 940; baseline 0.006 -17"><span class='ocrx_word' id='word_1_47' title='bbox 346 883 438 924; x_wconf 80' lang='grc' dir='ltr'>ἔνθα</span> <span class='ocrx_word' id='word_1_48' title='bbox 456 883 499 924; x_wconf 83' lang='grc' dir='ltr'>δὲ</span> <span class='ocrx_word' id='word_1_49' title='bbox 516 883 754 932; x_wconf 87' lang='grc' dir='ltr'>πευκήεντος</span> <span class='ocrx_word' id='word_1_50' title='bbox 774 877 1039 937; x_wconf 80' lang='grc' dir='ltr'>ἀνασχόμενοι</span> <span class='ocrx_word' id='word_1_51' title='bbox 1057 887 1175 939; x_wconf 77' lang='grc' dir='ltr'>πυρὸς</span> <span class='ocrx_word' id='word_1_52' title='bbox 1193 889 1325 940; x_wconf 79' lang='grc' dir='ltr'>ὁρμὴν,</span> 
     </span>
     <span class='ocr_line' id='line_1_10' title="bbox 349 950 1227 1004; baseline 0.006 -13"><span class='ocrx_word' id='word_1_53' title='bbox 349 950 467 1003; x_wconf 77' lang='grc' dir='ltr'>ἕρκεά</span> <span class='ocrx_word' id='word_1_54' title='bbox 481 967 528 991; x_wconf 91' lang='grc' dir='ltr'>τε</span> <span class='ocrx_word' id='word_1_55' title='bbox 547 950 769 1003; x_wconf 76' lang='grc' dir='ltr'>πρήσαντες</span> <span class='ocrx_word' id='word_1_56' title='bbox 789 951 1008 993; x_wconf 85' lang='grc' dir='ltr'>ἐῢσταθέων</span> <span class='ocrx_word' id='word_1_57' title='bbox 1026 954 1227 1004; x_wconf 76' lang='grc' dir='ltr'>κλισιάων,</span> 
     </span>
    </p>

    <p class='ocr_par' dir='ltr' id='par_1_6' title="bbox 347 1018 1452 1279">
     <span class='ocr_line' id='line_1_11' title="bbox 347 1018 1269 1070; baseline 0.005 -12"><span class='ocrx_word' id='word_1_58' title='bbox 347 1019 484 1066; x_wconf 79' lang='grc' dir='ltr'>νηυσὶν</span> <span class='ocrx_word' id='word_1_59' title='bbox 502 1018 785 1059; x_wconf 82' lang='grc' dir='ltr'>ἆναπλῶεσκον</span> <span class='ocrx_word' id='word_1_60' title='bbox 804 1019 880 1059; x_wconf 79' lang='grc' dir='ltr'>ἀπὸ</span> <span class='ocrx_word' id='word_1_61' title='bbox 898 1019 1127 1062; x_wconf 78' lang='grc' dir='ltr'>Ῥοιτειάδος</span> <span class='ocrx_word' id='word_1_62' title='bbox 1146 1022 1269 1070; x_wconf 79' lang='grc' dir='ltr'>ἀκτῆς</span> 
     </span>
     <span class='ocr_line' id='line_1_12' title="bbox 349 1085 1259 1140; baseline 0.005 -15"><span class='ocrx_word' id='word_1_63' title='bbox 349 1086 466 1137; x_wconf 83' lang='grc' dir='ltr'>ὅρμον</span> <span class='ocrx_word' id='word_1_64' title='bbox 485 1088 526 1126; x_wconf 87' lang='grc' dir='ltr'>ἐς</span> <span class='ocrx_word' id='word_1_65' title='bbox 544 1085 788 1138; x_wconf 82' lang='grc' dir='ltr'>ἆντιπέραιον</span> <span class='ocrx_word' id='word_1_66' title='bbox 808 1086 1054 1140; x_wconf 80' lang='grc' dir='ltr'>ἐϋστεφάνου</span> <span class='ocrx_word' id='word_1_67' title='bbox 1069 1087 1259 1138; x_wconf 84' lang='grc' dir='ltr'>Τενέδοιο,</span> 
     </span>
     <span class='ocr_line' id='line_1_13' title="bbox 348 1152 1452 1207; baseline 0.004 -14"><span class='ocrx_word' id='word_1_68' title='bbox 348 1153 526 1202; x_wconf 77' lang='grc' dir='ltr'>γλαυκὸν</span> <span class='ocrx_word' id='word_1_69' title='bbox 545 1152 863 1195; x_wconf 76' lang='grc' dir='ltr'>ἀναπτύσσοντες</span> <span class='ocrx_word' id='word_1_70' title='bbox 883 1155 981 1207; x_wconf 78' lang='grc' dir='ltr'>ὕδωρ</span> <span class='ocrx_word' id='word_1_71' title='bbox 998 1155 1275 1206; x_wconf 80' lang='grc' dir='ltr'>Ἀθαμαντίδος</span> <span class='ocrx_word' id='word_1_72' title='bbox 1285 1155 1452 1206; x_wconf 78' lang='grc' dir='ltr'>Ἕλλης.</span> 
     </span>
     <span class='ocr_line' id='line_1_14' title="bbox 347 1223 1296 1279; baseline 0.003 -15"><span class='ocrx_word' id='word_1_73' title='bbox 347 1226 488 1273; x_wconf 84' lang='grc' dir='ltr'>μοῦνος</span> <span class='ocrx_word' id='word_1_74' title='bbox 506 1223 549 1264; x_wconf 79' lang='grc' dir='ltr'>δὲ</span> <span class='ocrx_word' id='word_1_75' title='bbox 567 1225 772 1277; x_wconf 79' lang='grc' dir='ltr'>πληγῇσιν</span> <span class='ocrx_word' id='word_1_76' title='bbox 792 1224 952 1265; x_wconf 83' lang='grc' dir='ltr'>ἑκούσια</span> <span class='ocrx_word' id='word_1_77' title='bbox 969 1227 1062 1275; x_wconf 80' lang='grc' dir='ltr'>γυῖα</span> <span class='ocrx_word' id='word_1_78' title='bbox 1080 1226 1296 1279; x_wconf 87' lang='grc' dir='ltr'>χαραχθείς</span> 
     </span>
    </p>
   </div>
   <div class='ocr_carea' id='block_1_3' title="bbox 294 1297 1406 2436">
    <p class='ocr_par' dir='ltr' id='par_1_7' title="bbox 294 1297 1406 1755">
     <span class='ocr_line' id='line_1_15' title="bbox 351 1297 1304 1353; baseline 0.004 -15"><span class='ocrx_word' id='word_1_79' title='bbox 351 1297 554 1348; x_wconf 76' lang='grc' dir='ltr'>Αἰσιμίδης</span> <span class='ocrx_word' id='word_1_80' title='bbox 574 1298 783 1339; x_wconf 81' lang='grc' dir='ltr'>ἐλέλειπτο</span> <span class='ocrx_word' id='word_1_81' title='bbox 804 1298 937 1348; x_wconf 80' lang='grc' dir='ltr'>Σίνων,</span> <span class='ocrx_word' id='word_1_82' title='bbox 960 1300 1176 1349; x_wconf 81' lang='grc' dir='ltr'>ἀπατήλιος</span> <span class='ocrx_word' id='word_1_83' title='bbox 1194 1301 1304 1353; x_wconf 76' lang='grc' dir='ltr'>ἥρως,</span> 
     </span>
     <span class='ocr_line' id='line_1_16' title="bbox 351 1365 1374 1418; baseline 0.003 -13"><span class='ocrx_word' id='word_1_84' title='bbox 351 1366 523 1417; x_wconf 81' lang='grc' dir='ltr'>κρυπτὸν</span> <span class='ocrx_word' id='word_1_85' title='bbox 544 1366 606 1406; x_wconf 78' lang='grc' dir='ltr'>ἐπὶ</span> <span class='ocrx_word' id='word_1_86' title='bbox 625 1367 800 1418; x_wconf 76' lang='grc' dir='ltr'>Τρώεσσι</span> <span class='ocrx_word' id='word_1_87' title='bbox 820 1365 939 1407; x_wconf 85' lang='grc' dir='ltr'>δόλον</span> <span class='ocrx_word' id='word_1_88' title='bbox 957 1367 1022 1407; x_wconf 77' lang='grc' dir='ltr'>καὶ</span> <span class='ocrx_word' id='word_1_89' title='bbox 1039 1367 1200 1418; x_wconf 78' lang='grc' dir='ltr'>πήματα</span> <span class='ocrx_word' id='word_1_90' title='bbox 1219 1366 1374 1408; x_wconf 79' lang='grc' dir='ltr'>κεύθων.</span> 
     </span>
     <span class='ocr_line' id='line_1_17' title="bbox 352 1430 1368 1486; baseline 0.004 -15"><span class='ocrx_word' id='word_1_91' title='bbox 352 1432 402 1473; x_wconf 82' lang='grc' dir='ltr'>ὥς</span> <span class='ocrx_word' id='word_1_92' title='bbox 421 1432 453 1471; x_wconf 79' lang='grc' dir='ltr'>δ’</span> <span class='ocrx_word' id='word_1_93' title='bbox 474 1430 594 1473; x_wconf 84' lang='grc' dir='ltr'>ὁπότε</span> <span class='ocrx_word' id='word_1_94' title='bbox 615 1432 856 1473; x_wconf 85' lang='grc' dir='ltr'>σταλίκεσσι</span> <span class='ocrx_word' id='word_1_95' title='bbox 874 1433 986 1474; x_wconf 90' lang='grc' dir='ltr'>λίνον</span> <span class='ocrx_word' id='word_1_96' title='bbox 997 1435 1368 1486; x_wconf 81' lang='grc' dir='ltr'>περικυκλώσαντες</span> 
     </span>
     <span class='ocr_line' id='line_1_18' title="bbox 294 1498 1341 1553; baseline 0.005 -16"><span class='ocrx_word' id='word_1_97' title='bbox 294 1527 303 1536; x_wconf 92' lang='grc'><strong>.</strong></span> <span class='ocrx_word' id='word_1_98' title='bbox 352 1499 489 1550; x_wconf 75' lang='grc' dir='ltr'>θηρσὶν</span> <span class='ocrx_word' id='word_1_99' title='bbox 506 1498 804 1550; x_wconf 81' lang='grc' dir='ltr'>ὃρειπλανέεσσι</span> <span class='ocrx_word' id='word_1_100' title='bbox 823 1499 952 1552; x_wconf 89' lang='grc' dir='ltr'>λόχον</span> <span class='ocrx_word' id='word_1_101' title='bbox 969 1502 1179 1541; x_wconf 76' lang='grc' dir='ltr'>πολυωπὸν</span> <span class='ocrx_word' id='word_1_102' title='bbox 1197 1501 1341 1553; x_wconf 83' lang='grc' dir='ltr'>ἔπηξαν</span> 
     </span>
     <span class='ocr_line' id='line_1_19' title="bbox 353 1565 1406 1621; baseline 0.004 -15"><span class='ocrx_word' id='word_1_103' title='bbox 353 1565 485 1618; x_wconf 85' lang='grc' dir='ltr'>ἆνέρες</span> <span class='ocrx_word' id='word_1_104' title='bbox 504 1566 753 1618; x_wconf 77' lang='grc' dir='ltr'>ἂγρειντῆρες·</span> <span class='ocrx_word' id='word_1_105' title='bbox 782 1570 804 1607; x_wconf 82' lang='grc' dir='ltr'><em>ὁ</em></span> <span class='ocrx_word' id='word_1_106' title='bbox 823 1569 855 1608; x_wconf 88' lang='grc' dir='ltr'>δ’</span> <span class='ocrx_word' id='word_1_107' title='bbox 878 1567 1063 1621; x_wconf 79' lang='grc' dir='ltr'>ἐκκριδόν,</span> <span class='ocrx_word' id='word_1_108' title='bbox 1085 1568 1164 1610; x_wconf 79' lang='grc' dir='ltr'>οἶος</span> <span class='ocrx_word' id='word_1_109' title='bbox 1183 1569 1247 1609; x_wconf 75' lang='grc' dir='ltr'>ἀπ’</span> <span class='ocrx_word' id='word_1_110' title='bbox 1268 1570 1406 1610; x_wconf 72' lang='grc' dir='ltr'>ἄλλων</span> 
     </span>
     <span class='ocr_line' id='line_1_20' title="bbox 352 1632 1299 1687; baseline 0.006 -16"><span class='ocrx_word' id='word_1_111' title='bbox 352 1632 556 1684; x_wconf 90' lang='grc' dir='ltr'>λαθρίδιος,</span> <span class='ocrx_word' id='word_1_112' title='bbox 577 1636 795 1675; x_wconf 80' lang='grc' dir='ltr'>πυκινοῖσιν</span> <span class='ocrx_word' id='word_1_113' title='bbox 811 1634 884 1675; x_wconf 78' lang='grc' dir='ltr'>ὑπὸ</span> <span class='ocrx_word' id='word_1_114' title='bbox 903 1634 1104 1687; x_wconf 87' lang='grc' dir='ltr'>πτόρθοισι</span> <span class='ocrx_word' id='word_1_115' title='bbox 1123 1637 1299 1685; x_wconf 80' lang='grc' dir='ltr'>δεδυκῶς,</span> 
     </span>
     <span class='ocr_line' id='line_1_21' title="bbox 351 1699 1280 1755; baseline 0.006 -17"><span class='ocrx_word' id='word_1_116' title='bbox 351 1699 488 1740; x_wconf 85' lang='grc' dir='ltr'>δίκτυα</span> <span class='ocrx_word' id='word_1_117' title='bbox 505 1699 731 1742; x_wconf 81' lang='grc' dir='ltr'>παπταίνων</span> <span class='ocrx_word' id='word_1_118' title='bbox 751 1701 893 1743; x_wconf 81' lang='grc' dir='ltr'>ἔλαθεν</span> <span class='ocrx_word' id='word_1_119' title='bbox 911 1701 1152 1754; x_wconf 85' lang='grc' dir='ltr'>θηροσκόπος</span> <span class='ocrx_word' id='word_1_120' title='bbox 1170 1703 1280 1755; x_wconf 76' lang='grc' dir='ltr'>ἀνήρ·</span> 
     </span>
    </p>

    <p class='ocr_par' dir='ltr' id='par_1_8' title="bbox 351 1766 1358 1958">
     <span class='ocr_line' id='line_1_22' title="bbox 352 1766 1255 1822; baseline 0.003 -14"><span class='ocrx_word' id='word_1_121' title='bbox 352 1768 402 1808; x_wconf 77' lang='grc' dir='ltr'>ὣς</span> <span class='ocrx_word' id='word_1_122' title='bbox 419 1766 526 1817; x_wconf 88' lang='grc' dir='ltr'>τότε,</span> <span class='ocrx_word' id='word_1_123' title='bbox 547 1770 766 1818; x_wconf 84' lang='grc' dir='ltr'>λωβητοῖσι</span> <span class='ocrx_word' id='word_1_124' title='bbox 784 1769 1034 1822; x_wconf 87' lang='grc' dir='ltr'>περίστικτος</span> <span class='ocrx_word' id='word_1_125' title='bbox 1051 1770 1255 1822; x_wconf 87' lang='grc' dir='ltr'>μελέεσσι,</span> 
     </span>
     <span class='ocr_line' id='line_1_23' title="bbox 351 1834 1358 1889; baseline 0.003 -14"><span class='ocrx_word' id='word_1_126' title='bbox 351 1834 466 1888; x_wconf 82' lang='grc' dir='ltr'>Τροίῃ</span> <span class='ocrx_word' id='word_1_127' title='bbox 485 1835 635 1887; x_wconf 79' lang='grc' dir='ltr'>λυγρὸν</span> <span class='ocrx_word' id='word_1_128' title='bbox 653 1835 816 1889; x_wconf 79' lang='grc' dir='ltr'>ὄλεθρον</span> <span class='ocrx_word' id='word_1_129' title='bbox 836 1837 1016 1887; x_wconf 81' lang='grc' dir='ltr'>ἐμήδετο·</span> <span class='ocrx_word' id='word_1_130' title='bbox 1043 1836 1162 1878; x_wconf 86' lang='grc' dir='ltr'>καδδέ</span> <span class='ocrx_word' id='word_1_131' title='bbox 1178 1838 1215 1877; x_wconf 78' lang='grc' dir='ltr'>οἱ</span> <span class='ocrx_word' id='word_1_132' title='bbox 1234 1839 1358 1888; x_wconf 78' lang='grc' dir='ltr'>ὤμους</span> 
     </span>
     <span class='ocr_line' id='line_1_24' title="bbox 353 1902 1223 1958; baseline 0.003 -15"><span class='ocrx_word' id='word_1_133' title='bbox 353 1902 493 1944; x_wconf 82' lang='grc' dir='ltr'>ἕλκεσι</span> <span class='ocrx_word' id='word_1_134' title='bbox 509 1906 731 1953; x_wconf 81' lang='grc' dir='ltr'>ποιητοῖσιν</span> <span class='ocrx_word' id='word_1_135' title='bbox 751 1903 907 1958; x_wconf 79' lang='grc' dir='ltr'>ἐπέῤῥεε</span> <span class='ocrx_word' id='word_1_136' title='bbox 926 1904 1102 1957; x_wconf 87' lang='grc' dir='ltr'>νήχυτον</span> <span class='ocrx_word' id='word_1_137' title='bbox 1119 1903 1223 1955; x_wconf 73' lang='grc' dir='ltr'>αἲμα.</span> 
     </span>
    </p>

    <p class='ocr_par' dir='ltr' id='par_1_9' title="bbox 344 1969 1373 2293">
     <span class='ocr_line' id='line_1_25' title="bbox 353 1969 1309 2024; baseline 0.001 -14"><span class='ocrx_word' id='word_1_138' title='bbox 353 1970 379 2018; x_wconf 82' lang='grc' dir='ltr'>ἦ</span> <span class='ocrx_word' id='word_1_139' title='bbox 398 1969 441 2011; x_wconf 79' lang='grc' dir='ltr'>δὲ</span> <span class='ocrx_word' id='word_1_140' title='bbox 459 1971 545 2024; x_wconf 78' lang='grc' dir='ltr'>περὶ</span> <span class='ocrx_word' id='word_1_141' title='bbox 565 1971 767 2024; x_wconf 80' lang='grc' dir='ltr'>κλισίῃσιν</span> <span class='ocrx_word' id='word_1_142' title='bbox 785 1971 964 2022; x_wconf 87' lang='grc' dir='ltr'>ἐμαίνετο</span> <span class='ocrx_word' id='word_1_143' title='bbox 980 1972 1176 2024; x_wconf 87' lang='grc' dir='ltr'>παννυχίη</span> <span class='ocrx_word' id='word_1_144' title='bbox 1194 1971 1309 2023; x_wconf 79' lang='grc' dir='ltr'>φλὸξ,</span> 
     </span>
     <span class='ocr_line' id='line_1_26' title="bbox 353 2037 1231 2091; baseline 0.002 -14"><span class='ocrx_word' id='word_1_145' title='bbox 353 2037 501 2078; x_wconf 79' lang='grc' dir='ltr'>καπνὸν</span> <span class='ocrx_word' id='word_1_146' title='bbox 519 2038 753 2090; x_wconf 82' lang='grc' dir='ltr'>ἐρευγομένη</span> <span class='ocrx_word' id='word_1_147' title='bbox 774 2038 935 2090; x_wconf 86' lang='grc' dir='ltr'>ἐριδινέα</span> <span class='ocrx_word' id='word_1_148' title='bbox 953 2037 1107 2090; x_wconf 84' lang='grc' dir='ltr'>φοιτάδι</span> <span class='ocrx_word' id='word_1_149' title='bbox 1124 2039 1231 2091; x_wconf 80' lang='grc' dir='ltr'>ῥιπῇ·</span> 
     </span>
     <span class='ocr_line' id='line_1_27' title="bbox 344 2103 1373 2158; baseline 0.003 -13"><span class='ocrx_word' id='word_1_150' title='bbox 344 2103 567 2156; x_wconf 79' lang='grc' dir='ltr'>Ἥφαιστος</span> <span class='ocrx_word' id='word_1_151' title='bbox 581 2107 614 2146; x_wconf 88' lang='grc' dir='ltr'>δ’</span> <span class='ocrx_word' id='word_1_152' title='bbox 635 2105 819 2146; x_wconf 83' lang='grc' dir='ltr'>ἐκέλευεν</span> <span class='ocrx_word' id='word_1_153' title='bbox 836 2105 1061 2158; x_wconf 88' lang='grc' dir='ltr'>ἐρίβρομος··</span> <span class='ocrx_word' id='word_1_154' title='bbox 1077 2108 1122 2146; x_wconf 83' lang='grc' dir='ltr'>ἐκ</span> <span class='ocrx_word' id='word_1_155' title='bbox 1141 2105 1184 2145; x_wconf 82' lang='grc' dir='ltr'>δὲ</span> <span class='ocrx_word' id='word_1_156' title='bbox 1204 2104 1373 2148; x_wconf 81' lang='grc' dir='ltr'>θυέλλας</span> 
     </span>
     <span class='ocr_line' id='line_1_28' title="bbox 353 2171 1234 2221; baseline -0.001 -8"><span class='ocrx_word' id='word_1_157' title='bbox 353 2171 538 2213; x_wconf 86' lang='grc' dir='ltr'>παντοίας</span> <span class='ocrx_word' id='word_1_158' title='bbox 557 2172 764 2213; x_wconf 87' lang='grc' dir='ltr'>ἐτίνασσεν</span> <span class='ocrx_word' id='word_1_159' title='bbox 783 2172 1034 2214; x_wconf 88' lang='grc' dir='ltr'>ἐπιπνείουσα</span> <span class='ocrx_word' id='word_1_160' title='bbox 1052 2173 1116 2214; x_wconf 81' lang='grc' dir='ltr'>καὶ</span> <span class='ocrx_word' id='word_1_161' title='bbox 1135 2173 1234 2221; x_wconf 79' lang='grc' dir='ltr'>αὐτὴ</span> 
     </span>
     <span class='ocr_line' id='line_1_29' title="bbox 355 2238 1275 2293; baseline 0 -13"><span class='ocrx_word' id='word_1_162' title='bbox 355 2239 482 2292; x_wconf 88' lang='grc' dir='ltr'>μήτηρ</span> <span class='ocrx_word' id='word_1_163' title='bbox 501 2239 705 2281; x_wconf 76' lang='grc' dir='ltr'>ἀθανάτοιο</span> <span class='ocrx_word' id='word_1_164' title='bbox 724 2239 841 2291; x_wconf 81' lang='grc' dir='ltr'>πυρὸς</span> <span class='ocrx_word' id='word_1_165' title='bbox 859 2240 1150 2293; x_wconf 81' lang='grc' dir='ltr'>φαεσίμβροτος</span> <span class='ocrx_word' id='word_1_166' title='bbox 1159 2238 1275 2292; x_wconf 80' lang='grc' dir='ltr'>Ἥρη.</span> 
     </span>
    </p>

    <p class='ocr_par' dir='ltr' id='par_1_10' title="bbox 354 2305 1184 2360">
     <span class='ocr_line' id='line_1_30' title="bbox 354 2305 1184 2360; baseline 0.001 -13"><span class='ocrx_word' id='word_1_167' title='bbox 354 2309 428 2356; x_wconf 85' lang='grc' dir='ltr'>ἤδη</span> <span class='ocrx_word' id='word_1_168' title='bbox 447 2306 489 2348; x_wconf 84' lang='grc' dir='ltr'>δὲ</span> <span class='ocrx_word' id='word_1_169' title='bbox 507 2307 681 2360; x_wconf 79' lang='grc' dir='ltr'>Τρώεσσι</span> <span class='ocrx_word' id='word_1_170' title='bbox 700 2307 764 2348; x_wconf 77' lang='grc' dir='ltr'>καὶ</span> <span class='ocrx_word' id='word_1_171' title='bbox 781 2305 995 2348; x_wconf 81' lang='grc' dir='ltr'>Ἰλιάδεσσι</span> <span class='ocrx_word' id='word_1_172' title='bbox 1012 2309 1184 2359; x_wconf 85' lang='grc' dir='ltr'>γυναιξίν</span> 
     </span>
    </p>

    <p class='ocr_par' dir='ltr' id='par_1_11' title="bbox 355 2373 1293 2436">
     <span class='ocr_line' id='line_1_31' title="bbox 355 2373 1293 2436; baseline 0.001 -21"><span class='ocrx_word' id='word_1_173' title='bbox 355 2376 487 2428; x_wconf 76' lang='grc' dir='ltr'>ὄρθρον</span> <span class='ocrx_word' id='word_1_174' title='bbox 506 2374 579 2416; x_wconf 78' lang='grc' dir='ltr'>ὑπὸ</span> <span class='ocrx_word' id='word_1_175' title='bbox 599 2373 782 2436; x_wconf 83' lang='grc' dir='ltr'>σκιόεντα</span> <span class='ocrx_word' id='word_1_176' title='bbox 799 2373 1013 2428; x_wconf 74' lang='grc' dir='ltr'>πυλύθροοε</span> <span class='ocrx_word' id='word_1_177' title='bbox 1031 2376 1152 2424; x_wconf 80' lang='grc' dir='ltr'>ἤλυθε</span> <span class='ocrx_word' id='word_1_178' title='bbox 1171 2377 1293 2428; x_wconf 85' lang='grc' dir='ltr'>φήμη,</span> 
     </span>
    </p>
   </div>
  </div>
 </body>
</html>
