1644 2924
830 280 889 323 10

319 410 434 459 μήπω
448 410 585 450 πολλὰ
602 410 804 459 καμοῦσαν
822 410 892 456 ἑὴν
909 407 1125 449 ἀνέκοπτεν
1143 405 1286 455 ἀοιδήν.

321 479 411 517 τοῖα
428 477 471 517 δὲ
490 475 736 527 δειμαίνοντα
751 474 991 528 προσέννεπε
1010 475 1199 516 θέσκελος
1217 475 1370 527 Ἑρμῆς·

325 549 349 567 “
367 543 513 597 τάρβος
531 544 752 597 ἀποῤῥίψας,
774 544 839 584 καὶ
856 545 965 584 πώεα
982 544 1088 585 καλὰ
1105 543 1289 594 μεθήσας,

323 613 434 664 δεῦρο
453 610 746 662 θεμιστεύσειας
765 609 1012 663 ἐπουρανίῃσι
1029 609 1203 660 δικάζων,

323 681 434 731 δεῦρο
453 680 652 730 διακρίνων
669 677 980 730 προφερέστερον
999 677 1099 719 εἶδος
1118 677 1287 725 ὀπωπῆς,

323 745 553 798 φαιδροτέρῃ
571 743 664 786 τόδε
680 748 820 796 μῆλον,
843 745 1037 798 ἐπήρατον
1056 745 1173 797 ἔρνος,
1195 743 1426 785 ὄπάσσαις.”

376 815 486 853 τοῖον
503 812 738 861 ἀνηΰτησεν·
765 814 786 851 ὁ
805 812 838 851 δ’
857 813 973 860 ἤπιον
992 812 1097 862 ὄμμα
1113 811 1325 859 τανύσσας,

323 879 403 928 ἦκα
421 879 626 932 διακρίνειν
642 878 857 931 πειρήσατο
876 877 1028 919 κάλλος
1046 877 1228 927 ἑκάστης.

326 947 484 1000 δέρκετο
502 947 576 997 μὲν
592 949 779 997 γλαυκῶν
797 944 1008 998 βλεφάρων
1026 945 1160 994 σέλας,
1179 946 1315 998 ἔδρακε
1334 946 1461 997 δειρὴν

325 1016 462 1067 χρυσῷ
481 1013 701 1061 δαιδαλέην,
724 1011 952 1065 ἐφράσσατο
971 1012 1120 1062 κόσμον
1139 1010 1321 1061 ἑκάστης,

327 1082 391 1122 καὶ
410 1081 577 1133 πτέρνης
594 1079 818 1131 μετόπισθε,
840 1081 904 1120 καὶ
925 1081 1052 1120 αὐτῶν
1069 1080 1180 1131 ἴχνια
1195 1083 1360 1133 ταρσῶν.

325 1152 468 1201 χειρῶν
485 1147 713 1198 μειδιόωντα
731 1148 840 1196 δίκης
857 1145 1112 1199 προπάροιθεν
1131 1149 1290 1194 ἑλοῦσα,

324 1219 433 1257 τοΐον
446 1215 688 1267 Ἀλεξάνδρῳ
704 1215 907 1266 μυθήσατο
923 1217 1046 1266 μῦθον
1063 1214 1219 1262 Ἀθήνη·

328 1287 354 1306 “
373 1285 495 1335 δεῦρο,
515 1282 630 1324 τέκος
649 1281 847 1336 Πριάμοιο,
867 1283 962 1323 Διὸς
978 1281 1206 1334 παράκοιτιν
1225 1279 1355 1330 ἐάσας,

326 1351 391 1391 καὶ
411 1348 595 1400 θαλάμων
613 1349 824 1396 βασίλειαν
841 1350 1034 1399 ἀτιμήσας
1052 1349 1296 1402 Ἀφροδίτην,

325 1418 488 1471 ἠνορέης
507 1417 710 1469 ἐπίκουρον
729 1417 974 1466 ἐπαινήσειας
990 1418 1168 1466 Ἀθήνην.

327 1485 427 1538 φασί
445 1501 494 1527 σε
513 1485 735 1536 κοιρανέειν,
756 1485 821 1525 καὶ
839 1485 982 1537 Τρώΐον
1000 1484 1104 1524 ἄστυ
1122 1482 1358 1535 φυλάσσειν·

327 1552 438 1604 δεῦρό
457 1567 506 1593 σε
523 1551 779 1604 τειρομένοισι
799 1550 1017 1592 σαόπτολιν
1036 1550 1196 1604 ἀνδράσι
1215 1550 1332 1598 θήσω,

326 1620 381 1671 μή
399 1618 500 1660 ποτέ
516 1634 580 1660 σοι
599 1618 811 1672 βαρύμηνις
831 1618 1068 1671 ἐπιβρίσειεν
1083 1619 1215 1659 Ἐνυώ.

327 1687 470 1736 πείθεο,
491 1687 556 1727 καὶ
574 1685 797 1736 πτολέμους
814 1702 861 1726 τε
881 1686 946 1726 καὶ
964 1685 1127 1736 ἠνορέην
1146 1701 1194 1726 σε
1213 1683 1386 1735 &eademst

381 1754 431 1795 ὣς
449 1753 475 1802 ἡ
493 1752 566 1803 μὲν
583 1752 803 1803 πολύμητις
819 1753 1040 1801 ἀνηΰτησεν
1057 1752 1212 1800 Ἀθήνη.

328 1823 417 1862 τοῖα
431 1822 463 1861 δ’
484 1821 714 1869 ὑποβλήδην
730 1821 974 1861 λευκώλενος
993 1819 1152 1861 ἔννεπεν
1168 1817 1286 1870 Ἥρη·

330 1892 354 1910 “
375 1890 415 1928 εἴ
427 1905 476 1939 με
496 1887 706 1940 διακρίνων,
726 1886 1037 1939 προφερέστερον
1056 1886 1163 1938 ἔρνος
1182 1885 1372 1938 ὀπάσσῃς,

327 1955 458 2004 πάσης
477 1955 667 2007 ἡμετέρης
685 1954 822 2002 Ἀσίης
840 1954 1018 2006 ἡγήτορα
1037 1952 1153 2000 θήσω.

330 2023 427 2075 ἔργα
443 2021 571 2072 μόθων
589 2021 751 2074 ἀθέριζε·
777 2022 818 2061 τί
836 2021 914 2074 γὰρ
931 2019 1114 2070 πολέμων
1131 2021 1319 2068 βασιλῆΐ;

329 2083 504 2141 κοίρανος
521 2089 711 2140 ἰφθίμοισι
730 2088 794 2128 καὶ
813 2086 1073 2136 ἀπτολέμοισι
1092 2087 1258 2126 κελεύει.

329 2159 400 2198 οὐκ
420 2157 494 2197 αἰεὶ
510 2154 743 2209 θεράποντες
761 2155 1030 2208 ἀριστεύουσιν
1047 2154 1225 2202 Ἀθήνης·

329 2225 518 2277 ὠκύμοροι
537 2222 771 2271 θνήσκουσιν
791 2224 1077 2274 ὑποδρηστῆρες
1095 2222 1288 2262 Ἐνυοῦς.”

381 2291 493 2340 τοίην
512 2289 706 2342 κοιρανίην
725 2288 987 2341 πρωτόθρονος
1007 2291 1165 2329 ὤπασεν
1176 2287 1290 2340 ‘'Hpn.

330 2360 355 2408 ἦ
376 2360 407 2400 δ’
429 2359 541 2399 εἀνὸν
560 2357 813 2404 βαθύκολπον
833 2359 871 2397 ἐς
891 2355 996 2407 ἠέρα,
1018 2356 1258 2406 γυμνώσασα

1630 0 1644 146 2m-1—‘fl
