1644 2924
854 296 913 339 16

340 424 412 479 ὀψὲ
431 423 473 466 δὲ
492 425 733 476 θαμβήσασα
747 425 873 474 τόσην
891 424 1116 466 ἀνενείκατο
1135 425 1280 478 φωνήν·

342 497 366 516 “
381 492 582 546 ἀτρεκέως,
603 494 633 534 ὦ
652 495 763 546 ξεῖνε,
783 496 878 542 τεῆς
894 493 993 534 ποτὲ
1010 493 1153 546 τείχεα
1169 492 1329 547 πάτρης,

337 561 390 601 τὰ
407 561 497 614 πρὶν
516 562 767 612 ἐδωμήσαντο
786 561 1012 603 Ποσειδάων
1031 562 1095 603 καὶ
1112 561 1333 611 Ἀπόλλων,

338 630 484 676 ἤθελον
502 627 703 670 ἀθανάτων
721 629 967 680 δαιδάλματα
985 631 1095 670 κεῖνα
1112 631 1262 678 νοῆσαι,

342 695 406 736 καὶ
427 696 546 747 νομὸν
563 695 754 747 οἷονόμοιο
773 695 988 746 λιγύπνοον
1005 695 1269 745 Ἀπόλλωνος,

339 763 431 804 ἔνθα
450 764 697 814 θεοδμήτοισι
713 763 818 816 παρὰ
834 765 1057 816 προβολῇσι
1074 762 1237 804 πυλάων

337 829 534 872 πολλάκις
554 830 820 871 εἰλιπόδεσσιν
840 830 1038 880 ἐφέσπετο
1054 831 1197 877 βουσὶν
1213 832 1432 872 Ἀπόλλων.

338 897 458 950 ἅγρεο
478 901 547 939 νῦν
565 896 795 951 Σπάρτηθεν
814 899 877 938 ἐπὶ
895 899 1036 950 Τροίην
1052 915 1103 950 με
1122 899 1302 950 κομίζων·

339 965 480 1018 ἕψομαι
499 967 550 1007 ὣς
570 965 757 1017 Κυθέρεια
775 964 914 1016 γάμων
931 965 1120 1012 βασίλεια
1138 966 1304 1007 κελεύει.

338 1035 384 1073 οὐ
401 1032 550 1086 τρομέω
570 1032 785 1082 Μενέλαον,
807 1033 865 1073 ὅτ’
887 1034 930 1073 ἐν
946 1032 1062 1086 Τροίῃ
1081 1049 1132 1084 με
1150 1034 1314 1087 vobo-37?

391 1100 504 1149 τοίην
521 1102 731 1149 συνθεσίην
748 1099 1018 1153 καλλίσφυρος
1038 1100 1176 1142 ἔννεπε
1194 1101 1336 1154 νύμφη.

338 1169 405 1220 νὺξ
424 1168 467 1210 δὲ
481 1168 611 1210 πόνων
629 1170 816 1220 ἄμπαυμα
833 1169 921 1220 μέτ’
939 1171 1088 1218 ἠελίοιο
1108 1169 1319 1211 κελεύθους

339 1239 459 1278 ὕπνον
478 1237 744 1290 ἐλαφρίζουσα
761 1238 964 1291 μετήορον,
986 1241 1145 1279 ὤπασεν
1162 1240 1219 1287 ἠῶ

338 1305 574 1358 ἀρχομένην·
602 1305 707 1347 δοιὰς
727 1304 768 1345 δὲ
788 1305 918 1347 πύλας
935 1308 1046 1358 ὥῖξεν
1064 1305 1230 1359 ὀνείρων,

336 1373 412 1421 τὴν
429 1372 503 1423 μὲν
521 1373 718 1422 ἀληθείης,
740 1371 889 1424 κεράων
907 1372 1164 1424 ἀπελάμπετο
1184 1373 1330 1424 κόσμῳ,

337 1439 447 1480 ἔνθεν
465 1440 756 1493 ἄναθρώσκουσι
775 1443 872 1480 θεῶν
890 1439 1099 1493 νημερτέες
1117 1440 1253 1493 ὀμφαί·

335 1507 412 1555 τὴν
426 1506 470 1547 δὲ
488 1507 793 1559 δολοφροσύνης,
814 1510 959 1547 κενεῶν
977 1506 1203 1560 θρέπτειραν
1222 1507 1387 1560 ὀνείρων.

336 1574 458 1627 αὐτὰρ
477 1576 498 1614 ὅ
516 1574 768 1627 ποντοπόρων
784 1574 951 1624 Ἑλένην
969 1575 1031 1615 ἐπὶ
1047 1575 1236 1626 σέλματα
1255 1579 1356 1625 νηῶν

336 1643 381 1682 ἐκ
401 1641 586 1692 θαλάμων
605 1640 792 1691 ἐκόμισσε
812 1642 1043 1693 φιλοξείνων
1062 1640 1280 1691 Μενελάου,

336 1708 497 1750 κυδιόων
516 1709 548 1749 δ’
568 1708 791 1762 ὖπέροπλον
809 1711 1033 1762 ὑποσχεσίῃ
1054 1709 1274 1762 Κυθερείης,

334 1775 482 1829 φόρτον
500 1777 608 1827 ἄγων
627 1776 816 1817 ἔσπευδεν
834 1779 874 1818 ἐς
885 1777 1012 1817 Ἴλιον
1031 1777 1206 1829 ἰωχμοῖο.

334 1846 512 1899 Ἐρμιόνη
532 1846 564 1885 δ’
585 1845 784 1896 ἀνέμοισιν
801 1846 1048 1898 ἀποῤῥίψασα
1066 1845 1306 1898 καλύπτρην,

334 1912 547 1964 ἱσταμένης
564 1913 810 1966 πολύδακρυς
828 1911 1038 1954 ἀνέστενεν
1055 1914 1284 1965 ἠριγενείης.

332 1980 509 2022 πολλάκι
528 1982 561 2022 δ’
581 1981 828 2034 ἀμφιπόλους
847 1981 1032 2032 θαλάμων
1049 1980 1215 2021 ἔκτοσθε
1233 1983 1428 2031 λαβοῦσα,

332 2047 524 2100 ὀξύτατον
541 2048 711 2098 βοόωσα,
731 2048 858 2098 τόσην
876 2047 1102 2088 ἀνενείκατο
1121 2047 1267 2095 φωνήν·

334 2119 360 2138 “
378 2118 524 2164 παῖδες,
545 2117 602 2169 πῇ
618 2132 670 2166 με
686 2117 860 2155 λιποῦσα
875 2114 1125 2155 πολύστονον
1141 2115 1271 2167 ᾤχετο
1289 2116 1436 2170 μήτηρ;

331 2183 358 2231 ἢ
377 2182 516 2235 χθιζὸν
534 2183 608 2223 σὺν
627 2183 711 2233 ἐμοὶ
731 2180 916 2232 θαλάμων
934 2183 1098 2230 κληῖδας
1117 2183 1276 2231 ἑλοῦσα,

334 2250 493 2302 ἔδραθεν
510 2250 725 2298 ὑπνώουσα,
746 2249 812 2290 καὶ
833 2250 871 2289 ἐς
889 2249 981 2299 μίαν
997 2249 1144 2296 ἤλυθεν
1163 2249 1278 2298 εὐνήν
1288 2252 1327 2296 ;”

334 2317 470 2358 ἔννεπε
489 2316 773 2370 δακρυχέουσα·
802 2315 1066 2368 συνωδύροντο
1086 2315 1127 2356 δὲ
1145 2319 1290 2359 παῖδες.

333 2383 545 2437 ἀγρόμεναι
563 2384 597 2425 δ’
616 2383 823 2437 ἑκάτερθεν
841 2383 903 2424 ἐπὶ
922 2384 1166 2437 προθύροισιν
1184 2384 1333 2438 ἐρύκειν
