1644 2924
816 313 906 356 113

220 448 299 485 τῶν
317 444 388 484 τᾶς
399 444 530 494 ψυχᾶς
544 442 712 492 ἀγαθῶν·
739 442 826 494 περὶ
846 445 958 492 σῶμα
974 440 1027 489 δὲ,
1043 441 1095 481 τὰ
1109 445 1165 482 τῶ
1181 442 1374 491 σώματος·
1394 442 1508 482 ἐκτὸς

221 511 274 559 δὲ,
295 512 347 551 τὰ
365 511 469 551 αἴτια
486 508 645 550 πλούτω
664 508 727 549 καὶ
746 508 857 560 δόξας
873 509 937 550 καὶ
954 510 1069 559 τιμᾶς
1086 509 1151 549 καὶ
1181 510 1331 561 φιλίας»
1367 509 1428 550 ὅτι
1463 508 1505 549 δὲ

218 581 293 621 τὰν
322 578 464 632 ἀρετὰν
491 577 590 628 ἦμεν
618 575 872 627 συμβέβακεν
903 577 1025 617 αὐτὰν
1053 577 1101 617 δι’
1124 577 1320 618 αὐταύταν
1337 577 1504 630 αἱρετὸν,

221 649 344 688 δᾶλον
375 645 441 686 καὶ
472 647 517 685 ἐκ
548 647 682 685 τῶνδε.
736 643 771 684 εἶ
794 644 872 696 γὰρ
888 645 940 685 τὰ
972 643 1261 697 καταδεέστερα
1289 646 1342 697 τᾷ
1374 644 1505 697 φύσει,

220 714 330 766 λέγω
349 714 396 762 δὴ
413 713 466 754 τὰ
491 713 670 763 σώματος
703 712 841 762 ἀγαθὰ,
874 712 974 752 αὐτὰ
1002 715 1048 752 δι’
1087 713 1261 752 αὔταυτα
1290 710 1505 764 αἱρεόμεθα,

221 780 399 833 κρέσσων
415 780 458 821 δὲ
475 780 587 832 ψυχὰ
603 781 794 830 σώματος,
815 780 983 831 φανερὸν
1008 779 1069 820 ὅτι
1098 779 1162 819 καὶ
1189 779 1242 819 τὰ
1273 781 1345 819 τᾶς
1374 780 1505 831 ψυχᾶς

221 850 351 902 ἀγαθὰ
369 849 470 890 αὐτὰ
487 849 533 889 δι’
553 849 728 890 abruma
756 847 991 899 ἀγαπέομες,
1011 848 1104 888 ἀλλ’
1124 849 1169 888 οὔ
1188 847 1253 888 διὰ
1265 847 1319 887 τὰ
1337 846 1502 892 ἀποβαί-

220 934 339 958 νοντα
357 917 422 957 ἀπ’
444 917 582 956 αὐτῶν.

272 988 328 1025 τῶ
347 984 380 1024 δ’
399 983 618 1035 ἀνθρωπίνω
646 981 720 1028 βίω
749 982 871 1034 καιροὶ
889 984 1006 1034 τρεῖς·
1034 984 1056 1022 ὅ
1072 979 1146 1032 μὲν
1165 983 1207 1022 ἐν
1226 980 1401 1033 εὐτυχίᾳ,
1423 983 1444 1021 ὁ
1463 980 1506 1020 δὲ

224 1054 266 1093 ἐν
294 1051 451 1103 ἀτυχίᾳ,
473 1052 494 1090 ὁ
525 1048 568 1090 δὲ
595 1049 742 1100 μεταξὺ
770 1049 932 1090 τούτων.
988 1049 1072 1089 ἐπεὶ
1101 1048 1154 1089 ὧν
1183 1047 1329 1099 ἀγαθὸς
1361 1047 1456 1099 ἀνὴρ
1485 1049 1507 1086 ὁ

223 1119 329 1171 ἔχων
356 1117 508 1170 ἀρετὰν,
530 1115 596 1157 καὶ
621 1118 643 1156 ὁ
670 1116 883 1168 χρεόμενος
912 1116 1044 1168 ἀρετᾷ,
1064 1116 1209 1168 χρᾶται
1228 1114 1270 1155 δὲ
1287 1115 1388 1167 αὐτᾷ
1406 1114 1509 1155 κατὰ

221 1188 297 1228 τὼς
315 1186 420 1238 τρεῖς
438 1185 587 1237 καιρώς·
615 1185 641 1232 ἢ
659 1184 737 1237 γὰρ
766 1186 809 1225 ἐν
838 1185 996 1238 ἀτυχίᾳ,
1016 1185 1042 1233 ἢ
1062 1186 1104 1224 ἐν
1123 1183 1298 1236 εὐτυχίᾳ,
1319 1182 1345 1231 ἢ
1366 1183 1408 1222 ἐν
1425 1183 1508 1222 τοῖς

221 1253 367 1304 μεταξὺ
384 1251 547 1292 τούτων·
575 1251 639 1292 καὶ
673 1253 716 1291 ἐν
744 1251 891 1304 ἀτυχίᾳ
922 1250 996 1302 μέν
1026 1253 1107 1292 ἐντι
1137 1249 1390 1300 κακοδαίμων,
1412 1250 1454 1289 ἐν
1472 1250 1504 1288 δ’

223 1320 388 1372 εὐτυχίᾳ
419 1317 618 1368 εὐδαίμων,
640 1319 683 1358 ἐν
701 1317 743 1358 δὲ
761 1319 815 1371 τᾷ
831 1317 936 1371 μέσᾳ
955 1317 1199 1359 καταστάσει
1218 1318 1288 1358 οὐκ
1308 1315 1509 1367 εὐδαίμων·

222 1388 391 1440 φανερὸν
408 1386 476 1427 οὖν
495 1386 555 1426 ὅτι
575 1385 687 1427 οὐδὲν
703 1385 843 1439 ἅτερόν
858 1388 968 1426 ἐστιν
997 1384 1263 1436 εὔδαιμοσύνα,
1281 1384 1390 1425 ἀλλὰ
1406 1385 1505 1436 χρᾶ-

224 1470 285 1496 σις
304 1455 445 1507 ἀρετᾶς
462 1455 504 1494 ἐν
523 1454 697 1506 εὐτυχίᾳ.
746 1453 919 1504 λέγομες
951 1453 994 1494 δὲ
1023 1455 1092 1493 νῦν
1124 1451 1414 1502 εὐδαιμοσύναν,
1434 1451 1510 1491 τάν

222 1528 279 1565 τῶ
298 1524 492 1575 ἀνθρώπω.
541 1525 562 1563 ὁ
592 1524 624 1562 δ’
657 1524 852 1574 ἅνθρωπος
871 1523 949 1574 οὐχ
969 1520 993 1561 ἆ
1012 1522 1124 1574 ψυχὰ
1151 1520 1282 1572 μόνον,
1316 1521 1425 1561 ἀλλὰ
1444 1521 1508 1560 καὶ

220 1592 268 1633 τὸ
295 1594 420 1642 σῶμα·
445 1590 493 1630 τὸ
511 1590 589 1641 γὰρ
607 1591 648 1640 ἐξ
665 1589 894 1641 ἀμφοτέρων
921 1587 1030 1639 ζῶον,
1066 1588 1132 1628 καὶ
1160 1588 1208 1628 τὸ
1243 1589 1288 1628 ἐκ
1320 1585 1507 1628 τοιούτων

221 1661 427 1713 ἅνθρωπος.
476 1658 540 1698 καὶ
558 1658 635 1710 γὰρ
654 1657 689 1697 εἷ
705 1658 779 1698 τᾶς
796 1658 927 1709 ψυχᾶς
946 1657 1113 1710 ὄργανον
1129 1657 1178 1697 τὸ
1192 1660 1304 1707 σῶμα
1318 1655 1506 1708 πέφυκεν,

225 1728 334 1770 ἀλλὰ
352 1727 417 1768 καὶ
433 1729 490 1766 τῶ
509 1726 691 1778 ἀνθρώπω
715 1724 829 1778 μέρος
855 1726 919 1766 καὶ
938 1727 1057 1766 τοῦτο
1076 1725 1140 1766 καὶ
1159 1724 1186 1765 ἃ
1203 1723 1324 1777 ψυχά.
1367 1724 1425 1765 διὸ
1445 1725 1510 1765 καὶ

222 1800 302 1837 τῶν
320 1796 487 1846 ἀγαθῶν,
509 1793 535 1833 ἃ
551 1793 625 1844 μὲν
644 1793 726 1834 ἕντι
742 1797 798 1834 τῶ
818 1793 1011 1846 ἀνθριίηῐω,
1034 1792 1060 1833 ἃ.
1078 1793 1121 1833 δὲ
1139 1797 1218 1834 τῶν
1240 1792 1397 1846 μερέων.
1443 1793 1508 1832 καὶ

225 1863 407 1915 ἀνθρώπω
434 1860 508 1912 μὲν
544 1860 692 1912 ἀγαθὸν
722 1859 991 1911 εὗδαιμοσύνα·
1017 1863 1097 1901 τῶν
1125 1860 1167 1900 δὲ
1195 1859 1342 1912 μερέων
1363 1862 1419 1900 τῶ
1442 1859 1507 1900 ἀν-

225 1931 370 1983 θρώπω,
386 1930 518 1981 ψυχᾶς
535 1927 608 1979 μὲν
621 1927 818 1981 φρόνασις,
835 1927 1000 1980 ἀνδρεία,
1014 1926 1247 1975 δικαιοσύνα,
1263 1925 1512 1979 σωφροσύνα-

226 1998 406 2048 σώματος
435 1995 490 2045 δὲ,
516 1994 680 2047 remos,
710 1994 848 2046 ὑγίεια,
888 1995 1053 2044 εὐεκτία,
1091 1993 1329 2043 εὐαισθησία.
1386 1994 1439 2034 τὰ
1467 1993 1510 2035 δὲ

228 2064 352 2112 ἐκτὸς,
372 2066 555 2112 πλοῦτος,
577 2064 641 2104 καὶ
674 2062 776 2115 δόξα,
806 2063 871 2103 καὶ
899 2062 1003 2113 τιμὰ,
1024 2062 1089 2102 καὶ
1120 2061 1307 2113 εὐγένεια,
1336 2061 1512 2114 πέφυκεν

229 2131 467 2181 ἐπιγένναμα
484 2131 583 2181 ἧμεν
600 2133 656 2170 τῶ
675 2130 867 2182 ἀνθρώπω,
880 2130 944 2170 καὶ
963 2129 1159 2170 ἀκόλουθα
1177 2127 1295 2181 φύσει
1312 2136 1509 2181 προϋφεσ-

228 2197 392 2240 τακόσιν
423 2198 593 2248 ἀγαθοῖς,
626 2199 891 2250 δορυφορεῖται
923 2197 976 2237 τὰ
1009 2195 1136 2250 μῄονα
1170 2200 1249 2237 τῶν
1278 2197 1434 2247 ἀγαθῶν
1461 2196 1514 2236 τὰ

227 2265 385 2317 μέζονα·
412 2267 526 2317 φιλία
541 2264 615 2316 μὲν
637 2265 701 2305 καὶ
732 2263 823 2316 δόξα
852 2265 917 2305 καὶ
950 2267 1133 2313 πλοῦτος,
1154 2268 1266 2315 σῶμα
1285 2265 1348 2305 καὶ
1367 2263 1514 2316 ψυχάν·

231 2335 358 2385 ὑγίεια
375 2332 417 2374 δὲ
437 2334 500 2374 καὶ
521 2334 637 2386 ἰσχὺς
656 2333 720 2374 καὶ
741 2332 979 2382 εὐαισθησία,
1010 2334 1155 2385 ψυχάν
1184 2333 1369 2386 φρόνασις
1387 2331 1430 2382 δὲ
1448 2332 1513 2372 καὶ

232 2402 364 2455 ἀνδρία
383 2403 446 2443 καὶ
467 2401 700 2454 σωφροσύνα
715 2402 778 2442 καὶ
799 2400 824 2441 ἀ
844 2401 1076 2450 δικαιοσύνα,
1093 2401 1163 2442 τὸν
1182 2399 1271 2442 νόον
1284 2402 1355 2442 τᾶς
1370 2401 1513 2453 ψυχᾶς·
