1644 2924
853 295 873 339 l
883 296 912 339 4

333 424 446 464 ἄνθος
466 423 656 475 ἀνηέξησε
674 423 914 476 παραίφασιν
930 424 1163 474 Ἀπόλλωνι,

333 492 446 532 ἄνθος
463 491 659 543 ἀριζήλοιο
679 494 902 545 φερώνυμον
919 493 1128 545 ἡβητῆρος.

331 559 406 607 ἤδη
425 559 457 599 δ’
478 558 754 611 ἀγχιδόμοισιν
773 562 832 600 ἐπ’
850 561 1050 612 Ἀτρείδαο
1067 560 1276 614 μελάθροις

328 627 481 676 ἵστατο,
504 627 758 680 θεσπεσίῃσιν
777 627 1051 679 ἀγαλλόμενος
1068 628 1314 681 χαρίτεσσιν.

330 694 375 733 οὔ
394 694 464 733 Διῒ
477 696 586 735 τοῖον
605 694 760 735 ἔτικτεν
779 695 972 748 ἐπήρατον
992 695 1055 736 υἷα
1073 697 1219 744 Θυώνη.

328 760 489 810 ἱλήκοις,
512 761 691 810 Διόνυσε,
712 762 776 802 καὶ
797 761 831 802 εἶ
848 763 942 803 Διὸς
960 763 1050 803 ἐσσὶ
1067 761 1273 814 γενέθλης·

328 828 451 869 καλὸς
471 828 540 877 ἔην
557 829 736 881 κᾷκεῖνος
755 829 815 869 ἐπ’
834 829 1027 882 ἀγλαΐῃσι
1044 830 1265 882 προσώπου.

327 894 352 943 ἡ
373 895 415 935 δὲ
434 896 665 948 φιλοξείνων
684 895 868 947 θαλάμων
886 899 1052 945 κληῖδας
1070 897 1208 937 ἀνεῖσα

328 961 508 1012 ἐξαπίνης
527 961 680 1012 Ἑλένη,
700 964 908 1014 μετεκίαθε
928 965 1103 1014 δώματος
1123 963 1261 1012 αὐλήν·

327 1029 392 1069 καὶ
411 1033 586 1082 θαλερῶν
602 1029 858 1082 προπάροιθεν
876 1030 1143 1072 ὄπιπτεύουσα
1161 1030 1321 1083 θυράων,

323 1099 374 1138 ὡς
390 1097 485 1147 ἴδεν,
507 1100 558 1140 ὣς
577 1100 728 1147 ἐνόησε,
750 1099 814 1139 καὶ
835 1101 875 1140 ἐς
891 1099 1023 1152 μυχὸν
1039 1101 1196 1151 ἤγαγεν
1214 1101 1353 1148 αὐλῆς·

325 1165 391 1205 καί
407 1182 474 1216 μιν
493 1167 752 1219 ἐφεδρήσσειν
768 1166 984 1218 νεοπηγέος
1003 1167 1144 1220 ὑψόθεν
1164 1167 1274 1219 ἕδρης

325 1231 515 1286 ἀργυρέης
535 1232 744 1274 ἐπέτελλε·
772 1234 887 1286 κόρον
903 1235 935 1275 δ’
956 1236 1028 1275 οὐκ
1047 1234 1158 1286 εἶχεν
1175 1235 1348 1284 ὀπωπῆς.

324 1300 418 1340 ἀλλ’
438 1301 507 1341 ὅτε
527 1302 574 1350 δὴ
592 1301 781 1354 χρύσειον
799 1302 1017 1352 ὀῒσσαμένη
1037 1302 1246 1354 Κυθερείης

324 1370 463 1421 κοῦρον
481 1368 705 1409 ὀπιπεύειν
723 1369 1021 1420 θαλαμηπόλον·
1051 1369 1122 1422 ὀψὲ
1142 1370 1175 1410 δ’
1195 1368 1347 1421 ἀνέγνω

323 1437 373 1477 ὡς
392 1438 463 1476 οὐκ
483 1436 594 1477 ἔστιν
604 1438 738 1488 ”Ερως,
759 1436 914 1483 βελέων
931 1437 964 1476 δ’
984 1439 1054 1477 οὐκ
1074 1436 1162 1489 εἶχε
1181 1436 1388 1490 φαρέτρην.

296 1536 302 1544 .
321 1501 497 1543 πολλάκι
516 1503 548 1542 δ’
569 1502 784 1556 ἀγλαΐῃσιν
803 1503 1011 1554 ἐῦγλήνοιο
1029 1504 1238 1555 προσώπου

321 1570 554 1610 παπταίνειν
573 1569 729 1610 ἐδόκευε
747 1570 819 1611 τὸν
837 1570 1026 1622 ἡμερίδων
1044 1574 1237 1619 βασιλῆα·

322 1639 415 1679 ἀλλ’
435 1639 512 1690 οὐχ
531 1637 719 1691 ἡμερίδων
737 1640 907 1691 θαλερὴν
926 1638 1106 1679 ἐδόκευεν
1124 1639 1277 1691 ὀπώρην

321 1704 574 1756 πεπταμένην
591 1704 799 1758 χαρίεντος
820 1706 874 1746 ἐνὶ
894 1708 1084 1759 ξυνοχῇσι
1103 1706 1281 1759 καρήνου.

322 1773 394 1826 ὀψὲ
413 1773 455 1813 δὲ
475 1773 715 1823 θαμβήσασα
731 1773 858 1822 τόσην
876 1773 1102 1814 ἀνενείκατο
1122 1775 1268 1825 φωνὴν·

325 1845 348 1864 “
364 1843 474 1893 ξεῖνε,
494 1840 615 1882 πόθεν
631 1840 828 1888 τελέθεις;
861 1844 999 1895 ἐρατον
1016 1841 1132 1892 γένος
1152 1841 1239 1881 εἶπέ
1253 1858 1300 1882 τε
1318 1840 1479 1894 πάτρην.

322 1909 495 1960 ἀγλαΐην
507 1907 582 1959 μὲν
600 1907 727 1950 ἔοικας
745 1908 914 1961 ἀριζήλῳ
932 1912 1108 1957 βασιλῆϊ,

322 1976 431 2016 ἀλλὰ
448 1976 544 2024 τεὴν
563 1977 636 2016 οὐκ
652 1976 738 2016 οῖδα
755 1976 843 2029 παρ’
861 1975 1073 2027 Ἀργείοισι
1090 1974 1294 2024 γενέθλην.

321 2044 454 2083 πᾶσαν
472 2043 744 2083 Δευκαλίωνος
762 2041 956 2092 ἀμύμονος
974 2041 1060 2082 οῖδα
1078 2041 1283 2092 γενέθλην.

322 2110 366 2150 οὐ
386 2109 521 2150 Πύλον
538 2110 790 2159 ἠμαθόεσσαν
810 2109 927 2160 ἔχεις,
949 2108 1125 2157 Νηλήιον
1143 2108 1272 2150 οὖδας·

320 2176 559 2229 Ἀντίλοχον
577 2175 757 2225 δεδάηκα,
778 2177 874 2225 τεὴν
892 2177 962 2216 οὐκ
981 2175 1085 2216 εἶδον
1103 2176 1270 2225 ὀπωπήν.

322 2245 367 2284 οὐ
385 2243 503 2292 Φθίην
520 2244 750 2296 χαρίεσσαν,
773 2242 966 2293 ἀριστήων
982 2243 1130 2294 τροφὸν
1149 2243 1306 2296 ἀνδρῶν’

322 2309 407 2351 οῖδα
424 2309 704 2362 περικλήῖστον
722 2310 818 2350 ὅλον
835 2307 950 2360 γένος
968 2308 1194 2350 Αἰακιδάων·

322 2377 492 2428 ἀγλαΐην
511 2379 681 2427 Πηλῆος,
705 2378 885 2426 ἐϋκλείην
903 2380 1143 2427 Τελαμῶνος,
