<?xml version="1.0" encoding="UTF-8"?>
<!DOCTYPE html PUBLIC "-//W3C//DTD XHTML 1.0 Transitional//EN"
    "http://www.w3.org/TR/xhtml1/DTD/xhtml1-transitional.dtd">
<html xmlns="http://www.w3.org/1999/xhtml" xml:lang="en" lang="en">
 <head>
  <title>
</title>
<meta http-equiv="Content-Type" content="text/html;charset=utf-8" />
  <meta name='ocr-system' content='tesseract 3.04.00' />
  <meta name='ocr-capabilities' content='ocr_page ocr_carea ocr_par ocr_line ocrx_word'/>
</head>
<body>
  <div class='ocr_page' id='page_1' title='image "./scriptoresgraeci01gileuoft_0290.png"; bbox 0 0 1644 2924; ppageno 0'>
   <div class='ocr_carea' id='block_1_1' title="bbox 837 297 902 342">
    <p class='ocr_par' dir='ltr' id='par_1_1' title="bbox 837 297 902 342">
     <span class='ocr_line' id='line_1_1' title="bbox 837 297 902 342; baseline 0.015 -1"><span class='ocrx_word' id='word_1_1' title='bbox 837 297 902 342; x_wconf 90' lang='lat'>86</span> 
     </span>
    </p>
   </div>
   <div class='ocr_carea' id='block_1_2' title="bbox 279 424 1430 2167">
    <p class='ocr_par' dir='ltr' id='par_1_2' title="bbox 283 424 1211 481">
     <span class='ocr_line' id='line_1_2' title="bbox 283 424 1211 481; baseline -0.004 -12"><span class='ocrx_word' id='word_1_2' title='bbox 283 429 397 480; x_wconf 70' lang='grc' dir='ltr'>οἴμοι,</span> <span class='ocrx_word' id='word_1_3' title='bbox 419 427 617 478; x_wconf 83' lang='grc' dir='ltr'>Πηλείδης</span> <span class='ocrx_word' id='word_1_4' title='bbox 634 426 739 481; x_wconf 81' lang='grc' dir='ltr'>παρὰ</span> <span class='ocrx_word' id='word_1_5' title='bbox 757 426 851 476; x_wconf 76' lang='grc' dir='ltr'>νηὸν</span> <span class='ocrx_word' id='word_1_6' title='bbox 869 425 1038 466; x_wconf 80' lang='grc' dir='ltr'>κάτθανε</span> <span class='ocrx_word' id='word_1_7' title='bbox 1056 424 1211 471; x_wconf 80' lang='grc' dir='ltr'>Φοίβου.</span> 
     </span>
    </p>

    <p class='ocr_par' dir='ltr' id='par_1_3' title="bbox 281 491 1430 624">
     <span class='ocr_line' id='line_1_3' title="bbox 281 491 1430 547; baseline -0.006 -10"><span class='ocrx_word' id='word_1_8' title='bbox 281 494 438 537; x_wconf 88' lang='grc' dir='ltr'>πόλλον</span> <span class='ocrx_word' id='word_1_9' title='bbox 455 495 600 537; x_wconf 77' lang='grc' dir='ltr'>ἄπεστι</span> <span class='ocrx_word' id='word_1_10' title='bbox 617 491 773 547; x_wconf 90' lang='grc' dir='ltr'>χρόνον,</span> <span class='ocrx_word' id='word_1_11' title='bbox 794 491 988 546; x_wconf 79' lang='grc' dir='ltr'>φεύγουσι</span> <span class='ocrx_word' id='word_1_12' title='bbox 1006 491 1050 533; x_wconf 79' lang='grc' dir='ltr'>δὲ</span> <span class='ocrx_word' id='word_1_13' title='bbox 1067 494 1192 545; x_wconf 82' lang='grc' dir='ltr'>Τρῶες</span> <span class='ocrx_word' id='word_1_14' title='bbox 1212 491 1271 531; x_wconf 86' lang='grc' dir='ltr'>ἐπ’</span> <span class='ocrx_word' id='word_1_15' title='bbox 1291 491 1430 531; x_wconf 49' lang='lat' dir='ltr'>dmm?</span> 
     </span>
     <span class='ocr_line' id='line_1_4' title="bbox 335 558 1393 624; baseline -0.005 -20"><span class='ocrx_word' id='word_1_16' title='bbox 335 564 385 604; x_wconf 80' lang='grc' dir='ltr'>ὣς</span> <span class='ocrx_word' id='word_1_17' title='bbox 404 565 426 604; x_wconf 79' lang='grc' dir='ltr'><strong>ὁ</strong></span> <span class='ocrx_word' id='word_1_18' title='bbox 442 562 516 614; x_wconf 79' lang='grc' dir='ltr'>μὲν</span> <span class='ocrx_word' id='word_1_19' title='bbox 533 561 642 603; x_wconf 80' lang='grc' dir='ltr'>εἶπεν</span> <span class='ocrx_word' id='word_1_20' title='bbox 658 560 967 624; x_wconf 31' lang='grc' dir='ltr'>ἰΟδυσσεὺςἈτοὶ</span> <span class='ocrx_word' id='word_1_21' title='bbox 987 559 1030 600; x_wconf 80' lang='grc' dir='ltr'>δὲ</span> <span class='ocrx_word' id='word_1_22' title='bbox 1049 558 1205 600; x_wconf 91' lang='grc' dir='ltr'>θέοντες</span> <span class='ocrx_word' id='word_1_23' title='bbox 1224 558 1393 605; x_wconf 82' lang='grc' dir='ltr'>ἔβαινον·</span> 
     </span>
    </p>

    <p class='ocr_par' dir='ltr' id='par_1_4' title="bbox 281 627 1211 681">
     <span class='ocr_line' id='line_1_5' title="bbox 281 627 1211 681; baseline -0.006 -9"><span class='ocrx_word' id='word_1_24' title='bbox 281 631 375 672; x_wconf 86' lang='grc' dir='ltr'>ἀλλ’</span> <span class='ocrx_word' id='word_1_25' title='bbox 394 631 463 671; x_wconf 79' lang='grc' dir='ltr'>ὅτε</span> <span class='ocrx_word' id='word_1_26' title='bbox 481 630 529 679; x_wconf 71' lang='grc' dir='ltr'>δὴ</span> <span class='ocrx_word' id='word_1_27' title='bbox 548 629 649 671; x_wconf 81' lang='grc' dir='ltr'>κατὰ</span> <span class='ocrx_word' id='word_1_28' title='bbox 668 628 763 677; x_wconf 75' lang='grc' dir='ltr'>νηὸν</span> <span class='ocrx_word' id='word_1_29' title='bbox 780 627 1015 681; x_wconf 87' lang='grc' dir='ltr'>Θυμβραίοιο</span> <span class='ocrx_word' id='word_1_30' title='bbox 1033 627 1211 678; x_wconf 76' lang='grc' dir='ltr'>γένοντο,</span> 
     </span>
    </p>

    <p class='ocr_par' dir='ltr' id='par_1_5' title="bbox 282 694 1173 752">
     <span class='ocr_line' id='line_1_6' title="bbox 282 694 1173 752; baseline -0.007 -12"><span class='ocrx_word' id='word_1_31' title='bbox 282 697 394 752; x_wconf 73' lang='grc' dir='ltr'>εὗρον</span> <span class='ocrx_word' id='word_1_32' title='bbox 412 697 531 739; x_wconf 76' lang='grc' dir='ltr'>ἔπειτ’</span> <span class='ocrx_word' id='word_1_33' title='bbox 547 697 723 748; x_wconf 85' lang='grc' dir='ltr'>Ἀχιλῆα</span> <span class='ocrx_word' id='word_1_34' title='bbox 740 695 931 745; x_wconf 77' lang='grc' dir='ltr'>πελώριον</span> <span class='ocrx_word' id='word_1_35' title='bbox 951 696 993 734; x_wconf 86' lang='grc' dir='ltr'>ἐν</span> <span class='ocrx_word' id='word_1_36' title='bbox 1010 694 1173 747; x_wconf 82' lang='grc' dir='ltr'>κονίῃσι,</span> 
     </span>
    </p>

    <p class='ocr_par' dir='ltr' id='par_1_6' title="bbox 280 760 1196 817">
     <span class='ocr_line' id='line_1_7' title="bbox 280 760 1196 817; baseline -0.005 -11"><span class='ocrx_word' id='word_1_37' title='bbox 280 765 438 807; x_wconf 91' lang='grc' dir='ltr'>λοίσθια</span> <span class='ocrx_word' id='word_1_38' title='bbox 456 763 681 817; x_wconf 85' lang='grc' dir='ltr'>φυσιόωντα</span> <span class='ocrx_word' id='word_1_39' title='bbox 697 762 815 816; x_wconf 80' lang='grc' dir='ltr'>παραὶ</span> <span class='ocrx_word' id='word_1_40' title='bbox 834 760 1015 803; x_wconf 79' lang='grc' dir='ltr'>θανάτοιο</span> <span class='ocrx_word' id='word_1_41' title='bbox 1033 762 1196 814; x_wconf 84' lang='grc' dir='ltr'>πύλῃσι.</span> 
     </span>
    </p>

    <p class='ocr_par' dir='ltr' id='par_1_7' title="bbox 283 830 1315 883">
     <span class='ocr_line' id='line_1_8' title="bbox 283 830 1315 883; baseline -0.005 -9"><span class='ocrx_word' id='word_1_42' title='bbox 283 834 377 875; x_wconf 81' lang='grc' dir='ltr'>τοὺς</span> <span class='ocrx_word' id='word_1_43' title='bbox 395 832 437 873; x_wconf 78' lang='grc' dir='ltr'>δὲ</span> <span class='ocrx_word' id='word_1_44' title='bbox 457 833 547 873; x_wconf 80' lang='grc' dir='ltr'>ἰδὼν</span> <span class='ocrx_word' id='word_1_45' title='bbox 566 830 733 883; x_wconf 78' lang='grc' dir='ltr'>δάκρυσε</span> <span class='ocrx_word' id='word_1_46' title='bbox 753 831 817 871; x_wconf 81' lang='grc' dir='ltr'>καὶ</span> <span class='ocrx_word' id='word_1_47' title='bbox 836 831 1009 871; x_wconf 75' lang='grc' dir='ltr'>ὕστατον</span> <span class='ocrx_word' id='word_1_48' title='bbox 1027 830 1163 871; x_wconf 83' lang='grc' dir='ltr'>ἔννεπε</span> <span class='ocrx_word' id='word_1_49' title='bbox 1181 831 1315 880; x_wconf 81' lang='grc' dir='ltr'>μῦθον·</span> 
     </span>
    </p>

    <p class='ocr_par' dir='ltr' id='par_1_8' title="bbox 279 895 1417 1626">
     <span class='ocr_line' id='line_1_9' title="bbox 337 895 1417 952; baseline -0.005 -12"><span class='ocrx_word' id='word_1_50' title='bbox 337 903 362 923; x_wconf 91' lang='grc'><strong>“</strong></span> <span class='ocrx_word' id='word_1_51' title='bbox 378 900 407 940; x_wconf 76' lang='grc' dir='ltr'><em>ὦ</em></span> <span class='ocrx_word' id='word_1_52' title='bbox 426 899 548 952; x_wconf 82' lang='grc' dir='ltr'>φίλοι,</span> <span class='ocrx_word' id='word_1_53' title='bbox 569 899 654 939; x_wconf 77' lang='grc' dir='ltr'>οὔτι</span> <span class='ocrx_word' id='word_1_54' title='bbox 671 895 794 938; x_wconf 92' lang='grc' dir='ltr'>τόσον</span> <span class='ocrx_word' id='word_1_55' title='bbox 811 895 996 949; x_wconf 80' lang='grc' dir='ltr'>στενάχω</span> <span class='ocrx_word' id='word_1_56' title='bbox 1015 895 1195 937; x_wconf 82' lang='grc' dir='ltr'>θανάτοιο</span> <span class='ocrx_word' id='word_1_57' title='bbox 1212 895 1417 944; x_wconf 73' lang='grc' dir='ltr'>τελευτὴν,</span> 
     </span>
     <span class='ocr_line' id='line_1_10' title="bbox 281 962 1207 1017; baseline -0.004 -9"><span class='ocrx_word' id='word_1_58' title='bbox 281 968 388 1016; x_wconf 78' lang='grc' dir='ltr'>ἥβην</span> <span class='ocrx_word' id='word_1_59' title='bbox 404 967 442 1007; x_wconf 88' lang='grc' dir='ltr'>τ’</span> <span class='ocrx_word' id='word_1_60' title='bbox 463 964 732 1017; x_wconf 83' lang='grc' dir='ltr'>ἀνθεμόεσσαν</span> <span class='ocrx_word' id='word_1_61' title='bbox 751 964 797 1004; x_wconf 77' lang='grc' dir='ltr'>ἴδ’</span> <span class='ocrx_word' id='word_1_62' title='bbox 813 963 976 1017; x_wconf 80' lang='grc' dir='ltr'>ἠνορέην</span> <span class='ocrx_word' id='word_1_63' title='bbox 995 962 1207 1017; x_wconf 86' lang='grc' dir='ltr'>ἐρατείνην,</span> 
     </span>
     <span class='ocr_line' id='line_1_11' title="bbox 279 1028 1339 1084; baseline -0.006 -8"><span class='ocrx_word' id='word_1_64' title='bbox 279 1037 365 1076; x_wconf 75' lang='grc' dir='ltr'>οὔτι</span> <span class='ocrx_word' id='word_1_65' title='bbox 382 1033 504 1075; x_wconf 84' lang='grc' dir='ltr'>τόσον</span> <span class='ocrx_word' id='word_1_66' title='bbox 520 1035 649 1074; x_wconf 83' lang='grc' dir='ltr'>ταῦτα</span> <span class='ocrx_word' id='word_1_67' title='bbox 665 1030 860 1084; x_wconf 80' lang='grc' dir='ltr'>στενάχω,</span> <span class='ocrx_word' id='word_1_68' title='bbox 882 1030 1003 1083; x_wconf 85' lang='grc' dir='ltr'>φίλοι,</span> <span class='ocrx_word' id='word_1_69' title='bbox 1025 1032 1104 1071; x_wconf 83' lang='grc' dir='ltr'>οὐδ’</span> <span class='ocrx_word' id='word_1_70' title='bbox 1124 1028 1339 1082; x_wconf 77' lang='grc' dir='ltr'>ἀκάχημαι.</span> 
     </span>
     <span class='ocr_line' id='line_1_12' title="bbox 280 1097 1204 1155; baseline -0.006 -11"><span class='ocrx_word' id='word_1_71' title='bbox 280 1103 403 1144; x_wconf 80' lang='grc' dir='ltr'>κοιναὶ</span> <span class='ocrx_word' id='word_1_72' title='bbox 421 1103 498 1155; x_wconf 78' lang='grc' dir='ltr'>γὰρ</span> <span class='ocrx_word' id='word_1_73' title='bbox 515 1103 643 1154; x_wconf 87' lang='grc' dir='ltr'>μοῖραι</span> <span class='ocrx_word' id='word_1_74' title='bbox 660 1101 782 1141; x_wconf 77' lang='grc' dir='ltr'>πᾶσιν</span> <span class='ocrx_word' id='word_1_75' title='bbox 799 1097 980 1140; x_wconf 74' lang='grc' dir='ltr'>θανάτοιο</span> <span class='ocrx_word' id='word_1_76' title='bbox 998 1101 1204 1147; x_wconf 80' lang='grc' dir='ltr'>τελευτῆς,</span> 
     </span>
     <span class='ocr_line' id='line_1_13' title="bbox 279 1166 1286 1219; baseline -0.007 -6"><span class='ocrx_word' id='word_1_77' title='bbox 279 1172 427 1213; x_wconf 77' lang='grc' dir='ltr'>πολλοὶ</span> <span class='ocrx_word' id='word_1_78' title='bbox 446 1174 478 1211; x_wconf 86' lang='grc' dir='ltr'>δ’</span> <span class='ocrx_word' id='word_1_79' title='bbox 501 1170 550 1211; x_wconf 69' lang='grc' dir='ltr'>αὖ</span> <span class='ocrx_word' id='word_1_80' title='bbox 567 1168 694 1218; x_wconf 71' lang='grc' dir='ltr'>θάνον,</span> <span class='ocrx_word' id='word_1_81' title='bbox 715 1168 754 1209; x_wconf 73' lang='grc' dir='ltr'>οἳ</span> <span class='ocrx_word' id='word_1_82' title='bbox 769 1167 843 1219; x_wconf 82' lang='grc' dir='ltr'>μὲν</span> <span class='ocrx_word' id='word_1_83' title='bbox 859 1169 969 1216; x_wconf 78' lang='grc' dir='ltr'>τοῖοι,</span> <span class='ocrx_word' id='word_1_84' title='bbox 992 1167 1030 1207; x_wconf 72' lang='grc' dir='ltr'>οἳ</span> <span class='ocrx_word' id='word_1_85' title='bbox 1047 1166 1094 1207; x_wconf 86' lang='grc' dir='ltr'>δέ</span> <span class='ocrx_word' id='word_1_86' title='bbox 1108 1183 1155 1206; x_wconf 95' lang='grc' dir='ltr'>τε</span> <span class='ocrx_word' id='word_1_87' title='bbox 1173 1168 1286 1207; x_wconf 84' lang='grc' dir='ltr'>τοΐοι.</span> 
     </span>
     <span class='ocr_line' id='line_1_14' title="bbox 281 1233 1300 1290; baseline -0.007 -9"><span class='ocrx_word' id='word_1_88' title='bbox 281 1240 387 1281; x_wconf 71' lang='grc' dir='ltr'>ἄλλο</span> <span class='ocrx_word' id='word_1_89' title='bbox 404 1239 454 1280; x_wconf 91' lang='grc' dir='ltr'>τό</span> <span class='ocrx_word' id='word_1_90' title='bbox 471 1255 537 1290; x_wconf 87' lang='grc' dir='ltr'>μοι</span> <span class='ocrx_word' id='word_1_91' title='bbox 555 1238 666 1290; x_wconf 76' lang='grc' dir='ltr'>ἄχος,</span> <span class='ocrx_word' id='word_1_92' title='bbox 688 1237 775 1277; x_wconf 81' lang='grc' dir='ltr'>ὅττι</span> <span class='ocrx_word' id='word_1_93' title='bbox 791 1252 841 1287; x_wconf 91' lang='grc' dir='ltr'>με</span> <span class='ocrx_word' id='word_1_94' title='bbox 859 1238 966 1276; x_wconf 86' lang='grc' dir='ltr'>τοῖος</span> <span class='ocrx_word' id='word_1_95' title='bbox 984 1234 1170 1288; x_wconf 83' lang='grc' dir='ltr'>δύσπαρις</span> <span class='ocrx_word' id='word_1_96' title='bbox 1189 1233 1300 1275; x_wconf 85' lang='grc' dir='ltr'>ἔκτα.</span> 
     </span>
     <span class='ocr_line' id='line_1_15' title="bbox 281 1300 1367 1358; baseline -0.008 -9"><span class='ocrx_word' id='word_1_97' title='bbox 281 1309 375 1349; x_wconf 85' lang='grc' dir='ltr'>ἀλλ’</span> <span class='ocrx_word' id='word_1_98' title='bbox 396 1309 502 1358; x_wconf 80' lang='grc' dir='ltr'>ὑμεῖς</span> <span class='ocrx_word' id='word_1_99' title='bbox 521 1304 738 1358; x_wconf 82' lang='grc' dir='ltr'>Πατρόκλῳ</span> <span class='ocrx_word' id='word_1_100' title='bbox 754 1320 803 1355; x_wconf 89' lang='grc' dir='ltr'>με</span> <span class='ocrx_word' id='word_1_101' title='bbox 822 1303 887 1344; x_wconf 79' lang='grc' dir='ltr'>καὶ</span> <span class='ocrx_word' id='word_1_102' title='bbox 904 1301 1127 1354; x_wconf 81' lang='grc' dir='ltr'>Ἀντιλόχῳ</span> <span class='ocrx_word' id='word_1_103' title='bbox 1144 1300 1367 1352; x_wconf 76' lang='grc' dir='ltr'>μεγαθύμῳ,</span> 
     </span>
     <span class='ocr_line' id='line_1_16' title="bbox 283 1364 1307 1427; baseline -0.01 -10"><span class='ocrx_word' id='word_1_104' title='bbox 283 1375 327 1416; x_wconf 77' lang='grc' dir='ltr'>εὖ</span> <span class='ocrx_word' id='word_1_105' title='bbox 343 1374 454 1427; x_wconf 82' lang='grc' dir='ltr'>μάλα</span> <span class='ocrx_word' id='word_1_106' title='bbox 471 1374 756 1425; x_wconf 77' lang='grc' dir='ltr'>κοσμήσαντες,</span> <span class='ocrx_word' id='word_1_107' title='bbox 777 1364 876 1420; x_wconf 70' lang='grc' dir='ltr'>ἐπὴν</span> <span class='ocrx_word' id='word_1_108' title='bbox 893 1370 995 1412; x_wconf 83' lang='grc' dir='ltr'>κατὰ</span> <span class='ocrx_word' id='word_1_109' title='bbox 1011 1371 1127 1421; x_wconf 80' lang='grc' dir='ltr'>μοῖρα</span> <span class='ocrx_word' id='word_1_110' title='bbox 1143 1367 1307 1421; x_wconf 80' lang='grc' dir='ltr'>λάβῃσι,</span> 
     </span>
     <span class='ocr_line' id='line_1_17' title="bbox 280 1439 1146 1497; baseline -0.01 -12"><span class='ocrx_word' id='word_1_111' title='bbox 280 1443 454 1497; x_wconf 80' lang='grc' dir='ltr'>χρύσεον</span> <span class='ocrx_word' id='word_1_112' title='bbox 473 1445 513 1484; x_wconf 89' lang='grc' dir='ltr'>ἐς</span> <span class='ocrx_word' id='word_1_113' title='bbox 529 1442 724 1495; x_wconf 74' lang='grc' dir='ltr'>μητρώϊον</span> <span class='ocrx_word' id='word_1_114' title='bbox 741 1439 888 1481; x_wconf 83' lang='grc' dir='ltr'>ἔνθεσθ’</span> <span class='ocrx_word' id='word_1_115' title='bbox 908 1439 1146 1490; x_wconf 78' lang='grc' dir='ltr'>ἀμφιφορῆα,</span> 
     </span>
     <span class='ocr_line' id='line_1_18' title="bbox 282 1502 1318 1564; baseline -0.011 -11"><span class='ocrx_word' id='word_1_116' title='bbox 282 1513 334 1552; x_wconf 81' lang='grc' dir='ltr'>ὧς</span> <span class='ocrx_word' id='word_1_117' title='bbox 346 1511 394 1552; x_wconf 65' lang='grc' dir='ltr'>ὃν</span> <span class='ocrx_word' id='word_1_118' title='bbox 411 1509 516 1564; x_wconf 60' lang='grc' dir='ltr'>μηδὲΥ</span> <span class='ocrx_word' id='word_1_119' title='bbox 529 1509 653 1550; x_wconf 83' lang='grc' dir='ltr'>θανών</span> <span class='ocrx_word' id='word_1_120' title='bbox 669 1522 720 1558; x_wconf 89' lang='grc' dir='ltr'>γε</span> <span class='ocrx_word' id='word_1_121' title='bbox 738 1508 866 1559; x_wconf 84' lang='grc' dir='ltr'>φίλων</span> <span class='ocrx_word' id='word_1_122' title='bbox 884 1504 1100 1557; x_wconf 81' lang='grc' dir='ltr'>ἀπάτερθεν</span> <span class='ocrx_word' id='word_1_123' title='bbox 1119 1502 1318 1554; x_wconf 87' lang='grc' dir='ltr'>ἐσοίμην.”</span> 
     </span>
     <span class='ocr_line' id='line_1_19' title="bbox 284 1571 1243 1626; baseline -0.009 -6"><span class='ocrx_word' id='word_1_124' title='bbox 284 1580 335 1621; x_wconf 77' lang='grc' dir='ltr'>ὡς</span> <span class='ocrx_word' id='word_1_125' title='bbox 354 1579 471 1619; x_wconf 78' lang='grc' dir='ltr'>εἰπὼν</span> <span class='ocrx_word' id='word_1_126' title='bbox 489 1576 711 1618; x_wconf 85' lang='grc' dir='ltr'>ἀπέπνευσε</span> <span class='ocrx_word' id='word_1_127' title='bbox 729 1574 835 1626; x_wconf 86' lang='grc' dir='ltr'>μέγα</span> <span class='ocrx_word' id='word_1_128' title='bbox 853 1574 1030 1626; x_wconf 86' lang='grc' dir='ltr'>στέρνοιο</span> <span class='ocrx_word' id='word_1_129' title='bbox 1049 1571 1243 1623; x_wconf 77' lang='grc' dir='ltr'>φυσήσας.</span> 
     </span>
    </p>

    <p class='ocr_par' dir='ltr' id='par_1_9' title="bbox 281 1640 1346 2167">
     <span class='ocr_line' id='line_1_20' title="bbox 341 1640 1216 1698; baseline -0.009 -11"><span class='ocrx_word' id='word_1_130' title='bbox 341 1647 436 1687; x_wconf 72' lang='grc' dir='ltr'>Αἴας</span> <span class='ocrx_word' id='word_1_131' title='bbox 455 1642 679 1698; x_wconf 86' lang='grc' dir='ltr'>δακρυχέων</span> <span class='ocrx_word' id='word_1_132' title='bbox 698 1642 740 1683; x_wconf 79' lang='grc' dir='ltr'>δὲ</span> <span class='ocrx_word' id='word_1_133' title='bbox 759 1642 875 1684; x_wconf 83' lang='grc' dir='ltr'>νεκὺν</span> <span class='ocrx_word' id='word_1_134' title='bbox 893 1644 1009 1692; x_wconf 77' lang='grc' dir='ltr'>ὤμοις</span> <span class='ocrx_word' id='word_1_135' title='bbox 1027 1640 1216 1693; x_wconf 79' lang='grc' dir='ltr'>ἀναείρας,</span> 
     </span>
     <span class='ocr_line' id='line_1_21' title="bbox 287 1707 1326 1768; baseline -0.009 -12"><span class='ocrx_word' id='word_1_136' title='bbox 287 1714 452 1768; x_wconf 81' lang='grc' dir='ltr'>ἔκφερεν</span> <span class='ocrx_word' id='word_1_137' title='bbox 471 1715 511 1755; x_wconf 88' lang='grc' dir='ltr'>ἐς</span> <span class='ocrx_word' id='word_1_138' title='bbox 529 1712 696 1760; x_wconf 78' lang='grc' dir='ltr'>κλισίας,</span> <span class='ocrx_word' id='word_1_139' title='bbox 716 1709 931 1762; x_wconf 88' lang='grc' dir='ltr'>μετόπισθε</span> <span class='ocrx_word' id='word_1_140' title='bbox 950 1709 993 1750; x_wconf 78' lang='grc' dir='ltr'>δὲ</span> <span class='ocrx_word' id='word_1_141' title='bbox 1011 1711 1137 1761; x_wconf 82' lang='grc' dir='ltr'>Τρῶες</span> <span class='ocrx_word' id='word_1_142' title='bbox 1157 1707 1326 1756; x_wconf 89' lang='grc' dir='ltr'>ἔβαινον,</span> 
     </span>
     <span class='ocr_line' id='line_1_22' title="bbox 283 1776 1262 1832; baseline -0.008 -10"><span class='ocrx_word' id='word_1_143' title='bbox 283 1782 356 1822; x_wconf 76' lang='grc' dir='ltr'>τὸν</span> <span class='ocrx_word' id='word_1_144' title='bbox 374 1781 490 1822; x_wconf 85' lang='grc' dir='ltr'>νεκὺν</span> <span class='ocrx_word' id='word_1_145' title='bbox 509 1782 550 1832; x_wconf 85' lang='grc' dir='ltr'>ἐξ</span> <span class='ocrx_word' id='word_1_146' title='bbox 566 1779 734 1820; x_wconf 71' lang='grc' dir='ltr'>Αἴαντος</span> <span class='ocrx_word' id='word_1_147' title='bbox 751 1776 983 1830; x_wconf 83' lang='grc' dir='ltr'>ἀφαρπάσαι</span> <span class='ocrx_word' id='word_1_148' title='bbox 1003 1778 1262 1827; x_wconf 80' lang='grc' dir='ltr'>ἐμμεμαῶτες.</span> 
     </span>
     <span class='ocr_line' id='line_1_23' title="bbox 284 1842 1295 1900; baseline -0.01 -8"><span class='ocrx_word' id='word_1_149' title='bbox 284 1850 378 1892; x_wconf 85' lang='grc' dir='ltr'>ἀλλ’</span> <span class='ocrx_word' id='word_1_150' title='bbox 397 1852 419 1890; x_wconf 79' lang='grc' dir='ltr'><strong><em>ὁ</em></strong></span> <span class='ocrx_word' id='word_1_151' title='bbox 436 1848 510 1900; x_wconf 79' lang='grc' dir='ltr'>μὲν</span> <span class='ocrx_word' id='word_1_152' title='bbox 530 1851 572 1889; x_wconf 95' lang='grc' dir='ltr'>ἐν</span> <span class='ocrx_word' id='word_1_153' title='bbox 590 1847 768 1900; x_wconf 72' lang='grc' dir='ltr'>κλισίῃσι</span> <span class='ocrx_word' id='word_1_154' title='bbox 786 1846 914 1899; x_wconf 81' lang='grc' dir='ltr'>φέρων</span> <span class='ocrx_word' id='word_1_155' title='bbox 932 1844 1148 1897; x_wconf 88' lang='grc' dir='ltr'>λεχέεσσιν</span> <span class='ocrx_word' id='word_1_156' title='bbox 1168 1842 1295 1891; x_wconf 87' lang='grc' dir='ltr'>ἔθηκε,</span> 
     </span>
     <span class='ocr_line' id='line_1_24' title="bbox 284 1910 1224 1967; baseline -0.011 -8"><span class='ocrx_word' id='word_1_157' title='bbox 284 1917 488 1967; x_wconf 78' lang='grc' dir='ltr'>κοσμήσας</span> <span class='ocrx_word' id='word_1_158' title='bbox 506 1916 580 1957; x_wconf 79' lang='grc' dir='ltr'>σὺν</span> <span class='ocrx_word' id='word_1_159' title='bbox 598 1915 744 1956; x_wconf 77' lang='grc' dir='ltr'>ἅπασιν</span> <span class='ocrx_word' id='word_1_160' title='bbox 761 1915 933 1967; x_wconf 80' lang='grc' dir='ltr'>Ἀχαιῶν</span> <span class='ocrx_word' id='word_1_161' title='bbox 951 1910 1224 1963; x_wconf 69' lang='grc' dir='ltr'>ιἡγεμόνεσσιν.</span> 
     </span>
     <span class='ocr_line' id='line_1_25' title="bbox 283 1977 1266 2035; baseline -0.01 -10"><span class='ocrx_word' id='word_1_162' title='bbox 283 1985 404 2026; x_wconf 69' lang='grc' dir='ltr'>ἄλλοι</span> <span class='ocrx_word' id='word_1_163' title='bbox 423 1984 455 2024; x_wconf 85' lang='grc' dir='ltr'>δ’</span> <span class='ocrx_word' id='word_1_164' title='bbox 475 1983 538 2024; x_wconf 67' lang='grc' dir='ltr'>ὧδ’</span> <span class='ocrx_word' id='word_1_165' title='bbox 559 1981 722 2035; x_wconf 83' lang='grc' dir='ltr'>ἐρέουσι·</span> <span class='ocrx_word' id='word_1_166' title='bbox 750 1980 918 2022; x_wconf 87' lang='grc' dir='ltr'>θανόντα</span> <span class='ocrx_word' id='word_1_167' title='bbox 935 1982 1060 2030; x_wconf 84' lang='grc' dir='ltr'>Τρῶες</span> <span class='ocrx_word' id='word_1_168' title='bbox 1079 1977 1266 2028; x_wconf 91' lang='grc' dir='ltr'>ἔπεσχον,</span> 
     </span>
     <span class='ocr_line' id='line_1_26' title="bbox 281 2040 1346 2104; baseline -0.009 -12"><span class='ocrx_word' id='word_1_169' title='bbox 281 2050 473 2104; x_wconf 86' lang='grc' dir='ltr'>Ἀργείοις</span> <span class='ocrx_word' id='word_1_170' title='bbox 491 2049 534 2090; x_wconf 84' lang='grc' dir='ltr'>δὲ</span> <span class='ocrx_word' id='word_1_171' title='bbox 552 2048 684 2097; x_wconf 86' lang='grc' dir='ltr'>δόσαν,</span> <span class='ocrx_word' id='word_1_172' title='bbox 705 2047 831 2098; x_wconf 81' lang='grc' dir='ltr'>λύτρα</span> <span class='ocrx_word' id='word_1_173' title='bbox 840 2045 1031 2098; x_wconf 80' lang='grc' dir='ltr'>Ἕκτορος</span> <span class='ocrx_word' id='word_1_174' title='bbox 1048 2043 1155 2084; x_wconf 71' lang='grc' dir='ltr'>αὖθις</span> <span class='ocrx_word' id='word_1_175' title='bbox 1175 2040 1346 2083; x_wconf 81' lang='grc' dir='ltr'>ἑλόντες.</span> 
     </span>
     <span class='ocr_line' id='line_1_27' title="bbox 282 2111 1160 2167; baseline -0.01 -7"><span class='ocrx_word' id='word_1_176' title='bbox 282 2119 349 2160; x_wconf 81' lang='grc' dir='ltr'>καὶ</span> <span class='ocrx_word' id='word_1_177' title='bbox 366 2117 462 2159; x_wconf 87' lang='grc' dir='ltr'>τότε</span> <span class='ocrx_word' id='word_1_178' title='bbox 478 2117 550 2158; x_wconf 77' lang='grc' dir='ltr'>τὸν</span> <span class='ocrx_word' id='word_1_179' title='bbox 568 2115 839 2167; x_wconf 89' lang='grc' dir='ltr'>κοσμήσαντες</span> <span class='ocrx_word' id='word_1_180' title='bbox 857 2116 930 2154; x_wconf 78' lang='grc' dir='ltr'>δῖοι</span> <span class='ocrx_word' id='word_1_181' title='bbox 947 2111 1160 2164; x_wconf 77' lang='grc' dir='ltr'>παναχαιοὶ</span> 
     </span>
    </p>
   </div>
   <div class='ocr_carea' id='block_1_3' title="bbox 200 2178 1330 2239">
    <p class='ocr_par' dir='ltr' id='par_1_10' title="bbox 200 2178 1330 2239">
     <span class='ocr_line' id='line_1_28' title="bbox 200 2178 1330 2239; baseline -0.011 -10"><span class='ocrx_word' id='word_1_182' title='bbox 200 2191 204 2195; x_wconf 71' lang='grc'><strong>’</strong></span> <span class='ocrx_word' id='word_1_183' title='bbox 284 2188 449 2239; x_wconf 81' lang='grc' dir='ltr'>ἔκφερον</span> <span class='ocrx_word' id='word_1_184' title='bbox 467 2186 510 2225; x_wconf 89' lang='grc' dir='ltr'>ἐν</span> <span class='ocrx_word' id='word_1_185' title='bbox 527 2182 721 2235; x_wconf 85' lang='grc' dir='ltr'>λεχέεσσι</span> <span class='ocrx_word' id='word_1_186' title='bbox 739 2179 982 2231; x_wconf 85' lang='grc' dir='ltr'>κεκασμένον</span> <span class='ocrx_word' id='word_1_187' title='bbox 1001 2178 1044 2219; x_wconf 73' lang='grc' dir='ltr'>εὖ</span> <span class='ocrx_word' id='word_1_188' title='bbox 1062 2179 1165 2219; x_wconf 81' lang='grc' dir='ltr'>κατὰ</span> <span class='ocrx_word' id='word_1_189' title='bbox 1182 2180 1330 2230; x_wconf 76' lang='grc' dir='ltr'>μοῖραν.</span> 
     </span>
    </p>
   </div>
   <div class='ocr_carea' id='block_1_4' title="bbox 281 2245 1325 2438">
    <p class='ocr_par' dir='ltr' id='par_1_11' title="bbox 281 2245 1325 2438">
     <span class='ocr_line' id='line_1_29' title="bbox 281 2245 1251 2308; baseline -0.008 -14"><span class='ocrx_word' id='word_1_190' title='bbox 281 2255 451 2308; x_wconf 75' lang='grc' dir='ltr'>Ἀργεῖοι</span> <span class='ocrx_word' id='word_1_191' title='bbox 469 2253 500 2292; x_wconf 81' lang='grc' dir='ltr'>δ’</span> <span class='ocrx_word' id='word_1_192' title='bbox 522 2253 564 2293; x_wconf 92' lang='grc' dir='ltr'>ἐν</span> <span class='ocrx_word' id='word_1_193' title='bbox 581 2251 740 2291; x_wconf 83' lang='grc' dir='ltr'>ὅπλοισι</span> <span class='ocrx_word' id='word_1_194' title='bbox 758 2247 990 2299; x_wconf 90' lang='grc' dir='ltr'>κεκασμένοι</span> <span class='ocrx_word' id='word_1_195' title='bbox 1011 2245 1251 2298; x_wconf 85' lang='grc' dir='ltr'>ἐστιχόωντο</span> 
     </span>
     <span class='ocr_line' id='line_1_30' title="bbox 281 2314 1174 2375; baseline -0.012 -11"><span class='ocrx_word' id='word_1_196' title='bbox 281 2319 556 2375; x_wconf 76' lang='grc' dir='ltr'>φαλαγγηδὸν,</span> <span class='ocrx_word' id='word_1_197' title='bbox 576 2317 698 2369; x_wconf 77' lang='grc' dir='ltr'>πεζοὶ,</span> <span class='ocrx_word' id='word_1_198' title='bbox 717 2315 863 2358; x_wconf 79' lang='grc' dir='ltr'>πάντες</span> <span class='ocrx_word' id='word_1_199' title='bbox 882 2314 1174 2369; x_wconf 89' lang='grc' dir='ltr'>δακρυχέοντες.</span> 
     </span>
     <span class='ocr_line' id='line_1_31' title="bbox 282 2380 1325 2438; baseline -0.011 -7"><span class='ocrx_word' id='word_1_200' title='bbox 282 2392 437 2431; x_wconf 81' lang='grc' dir='ltr'>Μοῦσαι</span> <span class='ocrx_word' id='word_1_201' title='bbox 455 2387 498 2430; x_wconf 81' lang='grc' dir='ltr'>δὲ</span> <span class='ocrx_word' id='word_1_202' title='bbox 517 2386 762 2429; x_wconf 84' lang='grc' dir='ltr'>στονόεσσαν</span> <span class='ocrx_word' id='word_1_203' title='bbox 781 2384 996 2438; x_wconf 79' lang='grc' dir='ltr'>ἐπέβρεμον</span> <span class='ocrx_word' id='word_1_204' title='bbox 1016 2383 1191 2424; x_wconf 73' lang='grc' dir='ltr'>ἄπλετον</span> <span class='ocrx_word' id='word_1_205' title='bbox 1207 2380 1325 2432; x_wconf 74' lang='grc' dir='ltr'>ἠχὴν,</span> 
     </span>
    </p>
   </div>
  </div>
 </body>
</html>
