1644 2924
852 293 915 337 28

348 419 566 473 Δαρδανίδη
585 422 829 474 σκηπτοῦχε,
851 421 916 462 καὶ
935 422 1106 463 ὕστατον
1126 422 1269 476 ἐχθρὸν
1285 423 1467 476 Ἀχαιῶν,

346 486 409 528 οἶά
424 503 475 538 με
493 488 742 538 λωβήσαντο,
763 490 860 529 θεῶν
879 488 967 530 ὄπιν
984 491 1055 530 οὐκ
1072 489 1300 541 ἀλέγοντες,

346 554 457 596 οὐδὲν
475 555 760 607 ἀλιτραίνοντα,
781 556 893 597 κακοὶ
912 557 976 598 καὶ
995 557 1161 607 ἀπηνέες
1180 558 1268 599 αιέί·

344 624 397 664 ὣς
414 622 488 674 μὲν
501 625 722 675 Ἀχιλλῆος
739 622 856 677 γέρας
873 624 1053 677 ἥρπασαν
1065 625 1261 675 Αἰακίδαο,

346 691 396 732 ὣς
414 690 456 732 δὲ
475 692 725 741 Φιλοκτήτην
743 691 881 733 ἔλιπον
898 693 1166 743 πεπεδημένον
1184 694 1292 746 ὕδρῳ,

344 758 521 800 ἔκτειναν
538 759 581 800 δὲ
600 759 664 800 καὶ
683 759 803 800 αὐτὸν
821 759 1091 811 ἀγασσάμενοι
1110 762 1369 813 Παλαμήδην·

345 827 410 867 καὶ
429 829 498 868 νῦν
515 825 579 868 οῑά
596 827 637 878 μ’
657 827 790 880 ἔρεξαν
809 826 1038 877 ἀτάσθαλοι,
1059 830 1200 870 οὕνεκα
1218 829 1381 881 φεύγειν

344 895 416 935 οὐκ
434 894 573 936 ἔθελον
591 894 665 936 σὺν
681 897 798 944 τοῖσι,
818 894 950 946 μένειν
968 897 1001 937 δ’
1021 896 1206 938 ἐκέλευον
1225 897 1411 949 ἑταίρους·

344 963 383 1002 οἴ
399 961 454 1010 δὲ,
475 963 771 1011 νοοπλήγεσσιν
789 957 1268 1017 ἀτασθαλίῃσιδαμέντες,

343 1030 484 1080 εἵματα
500 1029 574 1081 μέν
589 1030 630 1081 μ’
651 1028 859 1080 ἀπέδυσαν,
881 1030 1099 1084 ἀεικελίῃσι
1117 1032 1150 1071 δ’
1170 1030 1376 1082 ἴμάσθλαις

341 1099 422 1139 πᾶν
439 1097 557 1149 δέμας
575 1099 827 1147 οὗτήσαντες,
849 1098 912 1139 ἐπὶ
931 1097 1034 1152 ξείνῃ
1053 1099 1172 1139 λίπον
1191 1099 1307 1152 ἀκτῇ·

342 1165 463 1215 ἀλλὰ,
483 1164 622 1218 μάκαρ,
642 1165 848 1218 πεφύλαξο
867 1165 960 1207 Διὸς
979 1165 1103 1212 σέβας
1123 1166 1298 1207 ι’κεσίοιο·

343 1231 478 1286 χάρμα
494 1233 572 1286 γὰρ
589 1232 803 1287 Ἀργείοισι
820 1234 1049 1284 γενήσομαι,
1072 1234 1112 1273 εἴ
1125 1231 1339 1286 κεν,”ἐάσῃς

350 1301 493 1354 χερσὶν
510 1302 584 1342 ὕπο
602 1302 740 1355 Τρώων
757 1299 892 1351 ἱκέτην
909 1301 975 1342 καὶ
993 1303 1119 1352 ξεῖνον
1137 1300 1311 1342 ὀλέσθαι.

344 1368 466 1422 αὐτὰρ
485 1370 565 1419 ἐγὼ
581 1367 801 1410 πάντεσσιν
820 1367 1000 1421 ἐπάρκιος
1019 1367 1187 1419 ἔσσομαι
1206 1370 1304 1419 ὑμῖν,

341 1435 483 1487 μηκέτι
502 1435 710 1487 δειμαίνειν
725 1436 905 1486 πόλεμον
922 1434 1163 1487 παλίνορσον
1179 1435 1391 1487 Ἀχαιῶν.”

396 1506 447 1546 ὣς
464 1502 583 1557 φάτο·
610 1504 682 1544 τὸν
699 1503 733 1544 δ’
752 1506 774 1544 ὁ
792 1502 918 1557 γέρων
935 1503 1065 1556 ἀγανῇ
1081 1502 1284 1555 μειλίξατο
1303 1505 1426 1557 φωνῇ·

345 1575 369 1594 “
386 1573 498 1623 ξεῖνε,
518 1569 567 1612 σὲ
584 1570 658 1621 μὲν
674 1571 851 1622 Τρώεσσι
869 1570 1111 1622 μεμιγμένον
1129 1572 1200 1611 οὐκ
1219 1571 1276 1611 ἔτ’
1295 1571 1398 1611 ἔοικε

342 1637 489 1690 τάρβος
506 1637 631 1690 ἔχειν·
658 1637 805 1690 ἔφυγες
822 1637 900 1691 γὰρ
919 1636 1102 1691 ἀνάρσιον
1121 1638 1232 1690 ὕβριν
1245 1638 1431 1690 Ἀχαιῶν·

345 1705 418 1746 αἰεὶ
438 1705 471 1745 δ’
490 1704 678 1757 ἡμέτερος
696 1705 815 1757 φίλος
834 1704 985 1746 ἔσσεαι·
1013 1704 1105 1745 οὐδέ
1122 1719 1170 1745 σε
1188 1703 1350 1757 πάτρης,

344 1771 432 1814 οὐδὲ
450 1770 730 1813 πολυκτεάνων
748 1771 933 1823 θαλάμων
949 1771 1102 1823 γλυκὺς
1118 1772 1250 1825 ἵμερος
1269 1773 1376 1824 αἱρεῖ.

345 1840 439 1881 ἀλλ’
459 1841 546 1891 ἄγε,
567 1840 632 1881 καὶ
651 1840 703 1881 σὺ
720 1856 787 1891 μοι
805 1839 889 1881 εἰπὲ
906 1839 948 1880 τί
965 1855 1028 1880 τοι
1045 1838 1138 1880 τόδε
1155 1842 1282 1890 θαῦμα
1298 1838 1499 1888 τέτυκται,

343 1908 473 1957 ἵππος,
494 1907 737 1958 ἀμειλίκτοιο
756 1907 888 1959 φόβου
905 1907 1035 1959 τέρας·
1063 1905 1148 1948 εἰπὲ
1167 1906 1210 1947 δὲ
1230 1909 1316 1947 σεῖο

346 1977 492 2026 οὕνομα
509 1975 574 2016 καὶ
592 1976 747 2026 γενεὴν,
769 1974 912 2017 ὁπόθεν
929 1975 975 2016 δέ
990 1990 1039 2016 σε
1058 1977 1149 2024 νῆες
1166 1974 1355 2016 ἔνεικαν.”

397 2041 470 2083 τὸν
487 2043 520 2082 δ’
540 2041 802 2095 ἐπιθαρσήσας
819 2041 1000 2096 προσέφη
1018 2041 1302 2094 πολυμήχανος
1319 2042 1430 2094 ἥρως·

347 2112 373 2132 “
393 2108 528 2162 ἐξερέω
546 2109 611 2150 καὶ
629 2111 757 2150 ταῦτα
783 2109 835 2150 σὺ
851 2107 930 2160 γάρ
946 2109 986 2159 μ’
1007 2107 1196 2150 ἐθέλοντα
1211 2108 1398 2157 κελεύεις,

337 2176 485 2229 Ἀργος
501 2193 568 2228 μοι
584 2175 700 2217 πόλις
718 2176 818 2225 ἐστὶ,
838 2176 962 2219 Σίνων
979 2175 1026 2217 δέ
1039 2192 1106 2227 μοι
1123 2177 1269 2227 οὕνομα
1287 2179 1425 2218 κεῖται·

347 2245 512 2296 Αἵσιμον
530 2243 579 2285 αὖ
597 2243 809 2285 καλέουσιν
828 2243 922 2295 ἐμὸν
939 2243 1079 2284 πολιὸν
1097 2247 1303 2296 γενετῆρα.

345 2313 466 2354 ’ἵππον
483 2313 516 2353 δ’
534 2312 747 2365 Ἀργείοισι
765 2311 1018 2364 παλαίφατον
1038 2310 1147 2364 εῧρεν
1164 2312 1329 2355 Ἐπειός·

349 2379 383 2421 εἰ
400 2378 473 2430 μὲν
490 2378 568 2433 γάρ
585 2396 651 2431 μιν
671 2382 762 2422 ἐᾶτε
781 2380 910 2432 μένειν
930 2382 1049 2423 αὐτοῦ
1069 2382 1125 2423 ε’νὶ
1144 2382 1264 2435 χώρῃ,
