1644 2924
869 340 931 382 54

361 471 439 512 οἶος
459 471 523 511 ἀπ’
545 471 681 511 ἄλλων
699 469 895 521 Ἀργείων,
918 469 981 509 καὶ
1003 469 1150 520 ἔχεσκε
1169 470 1255 522 παρ’
1278 470 1394 519 αὐτῷ·

361 540 455 580 ἀλλ’
475 539 550 591 ἄρα
567 542 646 579 τῶν
665 538 789 578 ἂΐοιτε
806 536 955 590 κοράων
971 537 1072 578 εἶδος
1092 536 1243 590 ἐρατόν

415 607 588 659 Χρυσηῒς
604 605 678 657 μέν
698 605 766 654 ἔην
783 605 918 654 τυτθὴ,
939 605 1082 654 λεπτὴ,
1101 604 1392 658 γλαγεόχρους,

362 674 613 725 ξανθοκόμης,
634 671 911 725 μικρόμαστος,
933 674 1032 713 ἐτῶν
1050 671 1146 714 δέκα
1165 671 1343 714 ἐννέαδός
1361 689 1419 721 τε,

362 741 550 794 παρθένος
567 741 701 793 ὧραίη·
728 741 886 794 Βρισηῒς
904 741 937 780 δ’
957 739 1208 791 Ἱπποδάμεια

364 809 495 861 μακρὰ
514 809 594 858 ἔην,
615 808 752 856 λευκὴ,
771 806 1014 859 μελανόθριξ,
1035 806 1288 859 οὐλοέθειρος,
1322 815 1326 819 ”

364 875 650 926 καλλίμαστος,
671 875 718 915 ἰδ’
738 876 941 924 εὔστολος,
964 875 1074 927 εὔρις,
1097 874 1375 927 καλλιπάρῃος,

364 943 526 996 φαιδρὸν
542 941 763 993 μειδιόωσα,
784 940 978 995 σύνοφρνς
997 941 1029 981 δ’
1050 942 1177 982 εἴδετο
1197 941 1331 992 ἔμπης.

366 1015 409 1052 ἐν
427 1011 470 1053 δὲ
490 1011 670 1060 Μένητος
690 1011 759 1060 ἔην
777 1010 890 1062 γυνὴ,
910 1010 955 1051 ὃς
972 1009 1166 1056 βασίλευε
1183 1008 1411 1061 Λελέγγων.

369 1077 579 1120 εἶκοσάτου
595 1079 752 1130 πρώτου
769 1077 812 1118 δὲ
830 1076 978 1130 χρόνου
991 1077 1088 1118 τότε
1104 1077 1223 1125 τήνδε
1243 1078 1385 1118 ἐοῦσαν

366 1148 552 1197 Αἰακίδης
571 1148 789 1201 ἀπάτερθεν
806 1148 979 1200 Ἀχαιῶν
998 1145 1199 1198 κάσχεθεν
1217 1146 1329 1187 οἴκοι·

368 1219 406 1257 οἱ
425 1216 467 1257 δὲ
486 1214 821 1268 βαρυφρονέοντες
838 1215 1030 1267 Ἀχιλλεῖ
1043 1212 1294 1270 ἆγριάασκον.

423 1284 487 1325 καὶ
506 1283 591 1324 τότ’
610 1282 827 1324 Ὀδυσσεὺς
844 1281 1047 1332 Ἀτρείδην
1063 1279 1297 1332 προσέειπεν
1316 1281 1479 1321 ἄνακτα·

372 1357 396 1375 “
417 1352 648 1403 ἀγνώσσεις,
669 1348 765 1390 τάδε
785 1349 832 1397 δὴ
853 1348 1112 1398 Παλαμήδεος
1131 1347 1291 1399 ἔμμεναι
1310 1347 1417 1400 ἔργα,

369 1420 413 1460 ὃς
432 1419 486 1459 σὰ
503 1420 687 1470 σκῆπτρα
703 1416 925 1469 παρείρεται
943 1415 1003 1462 ἠδ’
1022 1415 1188 1466 Ἀχιλῆϊ
1203 1416 1384 1460 διδίσκεις

372 1487 464 1527 ἀλλ’
481 1487 569 1536 ἄγε,
589 1485 641 1525 σὺ
659 1485 863 1531 βασίλευε,
883 1482 982 1534 ἀτὰρ
1001 1481 1243 1531 Παλαμήδεα
1256 1480 1444 1533 πέφνον.”

425 1555 475 1595 ὣς
493 1551 598 1605 φάτο
617 1553 749 1592 οὔλιος
767 1550 875 1603 ἀνὴρ,
894 1550 951 1600 τῷ
971 1549 1003 1589 δ’
1025 1548 1238 1600 ἐφεήνδανε
1255 1549 1396 1596 βουλή.

373 1620 438 1661 καὶ
457 1620 505 1668 δὴ
521 1622 633 1671 Τρῶα
650 1617 908 1670 κατέσχεθον,
925 1614 1028 1669 ᾧπερ
1046 1615 1176 1656 ἔειπον
1192 1614 1351 1668 γράψαι,

375 1689 480 1729 ὅσσα
498 1702 567 1728 κεν
585 1687 634 1727 ἂν
653 1686 824 1739 Πρίαμος
843 1683 1078 1734 Παλαμήδει·
1092 1682 1220 1736 γράψε
1239 1686 1434 1736 φιλοῦντι·

377 1757 498 1810 αὐτὰρ
517 1755 601 1797 ἐπεὶ
619 1754 786 1808 γράψαν,
809 1753 1067 1805 Παλαμήδεος
1086 1753 1178 1805 εὗνῇ
1197 1751 1342 1801 ἔθεντο,

377 1827 486 1875 δμῶα
503 1824 751 1864 δολώσαντες
770 1822 901 1874 δώροις
919 1820 1177 1870 Παλαμήδεος
1197 1821 1356 1860 ἐσθλοῦ·

380 1893 444 1933 καὶ
461 1892 558 1933 τότε
574 1890 691 1932 τόνδε
709 1890 852 1940 ἄγουσι
871 1888 975 1942 παρὰ
993 1886 1160 1935 κλισίας,
1181 1886 1258 1926 ἀπὸ
1277 1886 1446 1935 Λέσβου,

378 1963 516 2013 μῆχαρ
534 1958 726 2000 ἑλέπτολι
745 1959 796 1999 ὣς
815 1959 932 2006 δῆθεν
949 1953 1162 1996 καλέοντες
1179 1953 1294 2006 ῥέξαι,

380 2027 589 2080 χωρίζουσι
607 2025 650 2066 δὲ
668 2027 718 2066 ὣς
734 2025 800 2065 ἀπ’
818 2025 1038 2076 Ἀχιλλῆος
1055 2020 1291 2072 μεγαθύμου.

380 2093 495 2135 οὗτος
512 2094 546 2134 δ’
565 2092 616 2133 αὖ
632 2091 843 2144 προσέειπε
860 2091 949 2143 παρ’
967 2088 1201 2141 Ἀτρείδαισι
1218 2088 1413 2138 μολήσας·

435 2161 470 2201 εἲ
487 2160 560 2211 μὲν
575 2162 712 2211 μῆχαρ
732 2157 922 2199 ἑλέπτολι
938 2156 1098 2208 δίζησθζ
1118 2156 1333 2207 Ἀτρείωνε,

383 2227 460 2268 εἶσί
477 2243 539 2268 τοι
557 2227 722 2267 Αἴαντες
741 2225 847 2274 δοιοὶ,
868 2224 1024 2265 πολέων
1041 2224 1242 2277 ὄλετῆρες·

383 2297 417 2337 εἷ
436 2297 468 2336 δ’
488 2296 554 2335 ἀπ’
574 2296 682 2346 ἐμοῖο
700 2297 830 2348 χερῶν
848 2294 954 2335 ἄλλο
972 2293 1212 2334 πυθεέσκετε
1230 2296 1377 2346 μῆχαρ,

385 2362 524 2404 αὐτίκα
541 2361 657 2415 Τροίη
676 2360 829 2412 ἕτοιμος
849 2362 927 2413 ἐμῷ
947 2362 1003 2402 ἐν),
1020 2360 1147 2412 μήχεΐ
1163 2363 1323 2402 κεῖσθαι.

438 2432 487 2472 ὣς
506 2430 621 2482 φάτο,
642 2429 720 2470 οὐδ’
742 2429 932 2492 ἐγίνωσκε
950 2429 1002 2469 τὰ
1021 2429 1068 2477 δὴ
1087 2428 1321 2480 προέτευξαν
1341 2427 1491 2469 ἐκεῖνοι,
