1644 2924
824 325 888 367 24

814 522 876 559 20.

319 587 461 637 μέσσοι
480 588 511 627 δ’
532 588 571 627 οἵ
585 588 621 627 τ’
640 587 810 640 Ἐφύραν
827 587 1076 627 πολυπίδακα
1093 586 1339 628 ναιετάοντες

371 657 558 705 παντοίης
577 657 717 709 ἀρετῆς
732 657 851 707 ἴδριες
872 657 914 695 ἐν
931 654 1102 707 πολέμῳ,

318 725 358 764 οἵ
371 740 419 764 τε
436 723 555 764 πόλιν
574 722 763 763 Γλαύκοιο
784 722 984 774 Κορίνθιον
1003 723 1104 763 ἄστυ
1123 722 1317 774 νέμοντες,

372 791 410 831 οἳ
428 790 492 831 καὶ
511 789 732 831 κάλλιστον
747 788 896 843 μάρτυν
915 789 1048 830 ἔθεντο
1065 789 1193 831 πόνων

316 859 469 911 χρυσοῦ
485 857 691 908 τιμήεντος
711 859 753 897 ἐν
771 855 901 909 αἰθέρι,
923 857 988 897 καί
1006 866 1101 909 σφιν
1119 857 1221 909 ἀέξει

374 926 501 964 αὐτῶν
518 925 554 964 τ’
575 925 724 976 εὐρεῖαν
742 925 916 977 κλῃδόνα
934 925 998 965 καὶ
1016 924 1204 978 πατέρων.

829 1056 891 1093 21.

322 1120 550 1174 εὐθυμάχων
569 1122 714 1173 ἀνδρῶν
730 1122 976 1172 μνησώμεθα,
996 1124 1076 1161 τῶν
1095 1120 1160 1161 ὅδε
1177 1119 1339 1170 τύμβος,

376 1189 414 1229 οἳ
432 1187 548 1229 θάνον
567 1189 739 1239 εὔμηλον
754 1187 932 1240 ῥυόμενοι
949 1186 1111 1238 Τεγέαν,

322 1257 513 1310 αἰχμηταὶ
530 1257 604 1310 πρὸ
621 1256 784 1305 πόληος,
802 1256 867 1297 ἵνα
885 1255 1000 1308 σφίσι
1017 1256 1072 1307 μὴ
1091 1254 1306 1305 καθέληται

375 1324 523 1366 Ἑλλὰς
541 1322 816 1375 ἀποφθιμένοις
834 1322 975 1376 κάρτος
995 1323 1223 1375 ἐλευθερίας.

828 1461 889 1498 22.

320 1530 442 1568 τῶνδε
461 1527 508 1567 δι’
528 1526 732 1578 ἀνθρώπων
751 1525 894 1577 ἀρετὰν
911 1527 989 1577 οὐχ
1005 1526 1116 1565 ἵκετο
1135 1526 1281 1566 καπνὸς

366 1593 514 1647 ἀἷθέρα,
536 1592 738 1643 δαιομένης
757 1592 967 1646 εὐρυχόρου
984 1592 1145 1644 Τεγέης,

319 1664 356 1703 οἳ
374 1661 570 1710 βούλοντο
587 1659 705 1700 πόλιν
721 1658 795 1710 μὲν
813 1659 1012 1713 ἐλευθερίᾳ
1029 1662 1239 1700 τεθαλυῖαν

373 1731 484 1772 παισὶ
502 1732 643 1778 λιπεῖν,
664 1728 775 1770 αὐτοὶ
793 1729 826 1769 δ’
847 1730 890 1769 ἐν
901 1718 1146 1781 Ιπρομάχοισι
1164 1731 1302 1770 θανεῖν.

854 1867 916 1904 23.

320 1934 401 1975 οἵδε
417 1932 644 1984 τριηκόσιοι,
664 1931 826 1986 Σπάρτα
842 1932 971 1985 πατρὶ,
991 1934 1074 1972 τοῖς
1092 1932 1334 1983 συναρίθμοις

372 1999 584 2052 Ἰναχίδαις
601 1998 750 2052 Θυρέαν
768 2000 867 2051 ἄμφι
884 1997 1194 2051 μαχεσσάμενοι,

321 2065 491 2119 αὐχένας
509 2067 554 2106 οὐ
572 2065 823 2119 στρέψαντες,
843 2065 921 2106 ὅπα
937 2065 1055 2106 ποδὸς
1071 2066 1181 2117 ἴχνια
1197 2066 1347 2116 πρᾶτον

374 2132 609 2186 ἆρμόσαμεν,
627 2132 756 2185 ταύτᾳ
774 2133 839 2173 καὶ
857 2133 1025 2183 λίπομεν
1043 2131 1194 2179 βιοτάν.

321 2205 454 2256 ἄρσενι
472 2203 504 2242 δ’
524 2200 737 2254 Ὀθρυάδαο
757 2201 863 2254 φόνῳ
882 2200 1177 2252 κεκαλυμμένον
1196 2202 1321 2242 ὅπλον

373 2270 574 2325 καρύσσει·
601 2269 737 2323 Θυρέα,
761 2273 844 2319 Ζεῦ,
866 2271 1185 2321 Λακεδαιμονίων.

322 2340 361 2382 αἶ
379 2339 426 2380 δέ
439 2356 500 2381 τις
514 2339 702 2392 Ἀργείων
721 2338 869 2392 ἔφυγεν
885 2339 1014 2392 μόρον,
1035 2338 1082 2386 ’ἧς
1101 2339 1165 2378 ἀπ’
1183 2338 1410 2391 Ἀδράστου.

373 2406 535 2461 Σπάρτᾳ
553 2407 585 2448 δ’
606 2409 651 2447 οὐ
667 2408 715 2448 τὸ
735 2409 874 2456 θανεῖν,
897 2406 1004 2448 ἀλλὰ
1022 2408 1164 2458 φυγεῖν
1182 2405 1357 2449 θάνατος.
