1644 2924
814 312 876 360 70

249 439 381 491 καιρὸν
401 438 651 486 θωπεύοντες,
675 438 774 487 ἐπὴν
792 438 1028 491 κορέσασθαι
1049 439 1209 490 ἔχωσιν·

248 505 461 557 ἀχθόμενοι
481 506 512 544 δ’
533 505 686 555 ὀλίγοις
705 505 769 545 καὶ
787 508 967 554 πολλοῖς,
987 504 1135 546 πάντες
1154 506 1365 552 ἄπληστοι.

301 574 388 624 λαῷ
403 574 458 623 μὴ
477 573 655 613 πίστευε·
681 572 930 624 πολύτροπός
950 575 1060 613 ἐστιν
1078 573 1226 622 ὅμιλος.

248 640 346 681 λαός
363 657 437 688 τοι,
459 641 523 680 καὶ
536 638 652 692 ὕδωρ,
673 639 737 680 καὶ
756 641 842 690 πῦρ,
864 638 1128 691 ἀκατάσχετα
1145 636 1286 677 πάντα.

301 706 402 756 μηδὲ
418 706 550 757 μάτην
569 707 632 746 ἐπὶ
650 708 726 759 πῦρ
744 706 907 747 καθίσας
925 705 1084 758 μινύθῃς
1102 705 1223 756 φίλον
1240 704 1349 755 ἦτορ.

246 772 372 824 μέτρα
390 772 433 813 δὲ
451 775 577 824 τεῦχε
595 775 732 813 θεοῖσι·
758 773 806 812 τὸ
824 772 903 825 ’γὰρ
920 771 1065 824 μέτρον
1085 771 1196 811 ἐστὶν
1215 771 1387 822 ἄριστον.

301 842 421 889 γαῖαν
440 841 710 890 ἐπιμοιρᾶσθαι
729 837 967 891 ἆταρχύτοις
985 838 1181 878 νεκύεσσι.

247 906 302 956 μὴ
321 906 476 955 τύμβον
493 903 681 956 φθιμένου
699 903 894 956 ἇνορύξῃς,
914 903 1004 954 μήδ’
1024 902 1172 943 ἀθέατα

250 972 376 1024 δείξῃς
392 971 527 1022 ἠελίῳ,
549 971 613 1011 καὶ
633 970 829 1021 δαιμόνιον
846 970 978 1022 χόλον
996 970 1124 1022 ὅρσῃς.

249 1040 294 1077 οὐ
314 1038 440 1077 καλὸν
459 1036 645 1089 ἁρμονίην
663 1036 881 1087 ἂναλυέμεν
900 1036 1124 1087 ἀνθρώποιο.

250 1106 314 1145 καὶ
332 1103 444 1156 τάχα
462 1105 495 1143 δ’
517 1106 561 1143 ἐκ
579 1104 697 1154 ’γαίης
717 1103 929 1154 ἐλπίζομεν
949 1105 988 1143 ἐς
1007 1102 1108 1154 φάος
1128 1104 1259 1143 ἐλθεῖν

249 1171 403 1222 λείψαν’
424 1170 709 1222 ἀποιχομένων·
737 1169 862 1210 ὀπίσω
882 1169 924 1209 δὲ
945 1169 1024 1210 θεοὶ
1042 1168 1286 1209 τελέθονται.

250 1238 375 1290 ψυχαὶ
394 1237 472 1289 ’γὰρ
488 1235 696 1286 μίμνουσιν
714 1236 864 1288 ἀκήριοι
884 1238 927 1276 ἐν
945 1236 1174 1288 φθιμένοισι.

251 1306 404 1354 πνεῦμα
420 1302 500 1354 ’γάρ
519 1305 607 1343 ἐστι
626 1306 717 1343 θεοῦ
733 1306 878 1356 χρῆσις
898 1305 1074 1350 θνητοῖσι
1093 1303 1158 1342 καὶ
1178 1302 1305 1342 εἰκών·

252 1374 365 1420 σῶμα
383 1371 415 1409 δ’
436 1370 494 1421 ἄρ’
516 1372 561 1410 ἐκ
578 1369 697 1420 ’γαίης
716 1369 874 1421 ἔχομεν,
896 1369 960 1409 καὶ
979 1370 1060 1408 πᾶν
1075 1367 1159 1408 τόδ’
1180 1370 1220 1409 ἐς
1239 1368 1363 1416 αὐτὴν

251 1435 444 1487 λυόμενον
462 1435 567 1477 κόνις
586 1435 711 1476 ἐστίν·
740 1436 814 1487 ἆὴρ
832 1436 865 1475 δ’
885 1435 959 1475 ἀνὰ
976 1437 1130 1484 πνεῦμα
1147 1434 1338 1474 δέδεκται.

303 1502 483 1543 πλούτου
499 1502 555 1551 μὴ
574 1502 724 1554 φείδου·
749 1501 917 1552 μέμνησ’
938 1501 999 1541 ὅτι
1018 1501 1158 1549 θνητὸς
1178 1499 1376 1552 ὑπάρχεις.

253 1571 325 1610 οὐκ
345 1569 397 1609 ἔν’
419 1571 459 1610 ἐς
476 1569 599 1616 Αἵδην
617 1569 744 1615 ὄλβον
763 1569 884 1620 ἔχειν,
906 1568 970 1608 καὶ
989 1566 1161 1619 χρήματ’
1182 1567 1361 1618 ἄγεσθαι.

253 1635 399 1676 πάντες
416 1636 497 1675 ἴσοι
515 1633 662 1675 νέκυες·
690 1638 829 1686 ψυχῶν
847 1633 891 1674 δὲ
910 1634 996 1675 θεὸς
1014 1633 1232 1680 βασιλεύει.

255 1702 366 1743 κοινὰ
382 1700 560 1753 μέλαθρα
578 1700 705 1750 δόμων
724 1700 867 1748 αἰώνια,
889 1700 952 1740 καὶ
971 1699 1112 1752 πατρὶς
1129 1699 1261 1747 Αἵδης·

254 1770 366 1820 ξυνὸς
383 1771 511 1820 χῶρος
530 1766 664 1814 ἅπασι,
684 1766 829 1821 πένησί
845 1783 892 1806 τε
911 1767 976 1806 καὶ
995 1767 1243 1812 βασιλεῦσιν.

255 1838 300 1875 οὗ
319 1834 448 1874 πολὺν
466 1834 656 1885 ἅνθρωποι
675 1831 802 1882 ζῶμεν
819 1832 976 1885 χρόνον,
998 1832 1092 1871 ἀλλ’
1113 1831 1177 1871 ἐπὶ
1197 1831 1343 1884 καιρόν·

255 1902 366 1953 ψυχὴ
386 1901 418 1940 δ’
439 1899 631 1939 ἀθάνατος
650 1898 714 1938 καὶ
734 1897 888 1950 ἀγήρως
908 1897 957 1950 ζῇ
975 1898 1038 1937 διὰ
1055 1896 1214 1937 παντός.

309 1968 411 2018 μήτε
430 1969 564 2006 κακοῖς
583 1966 721 2016 ἄχθου,
741 1965 833 2014 μήτ’
853 1964 923 2004 οὖν
942 1962 1175 2014 ἑπαγάλλεο
1193 1962 1339 2015 χάρμῃ.

258 2032 396 2074 πολλά
413 2049 476 2072 τοι
496 2035 539 2072 ἐν
556 2032 679 2082 βιότῳ
698 2031 763 2071 καὶ
783 2029 1060 2081 θαρσαλέοισιν
1078 2030 1238 2070 ἄπιστα.

260 2101 377 2153 καιρῷ
395 2097 612 2150 λατρεύειν,
632 2097 721 2146 μήδ’
741 2094 962 2136 ἆντιπνέειν
979 2094 1166 2144 ἀνέμοισι.

258 2169 380 2216 πῆμα,
402 2164 466 2204 καὶ
485 2161 740 2215 ἆχθομένοισι
759 2163 882 2201 κακοῦ
900 2160 1015 2201 λύσις
1032 2161 1179 2207 ἤλυθεν
1197 2161 1317 2210 ἄφνω.

312 2233 367 2283 μὴ
385 2228 704 2282 μεγαληγορίῃσι
722 2230 880 2279 τρυφῶν
898 2226 1022 2278 φρένα
1039 2225 1294 2274 λυσσωθείης.

262 2297 420 2345 εὖεπίην
438 2296 586 2343 ἀσκεῖν,
607 2296 633 2343 ἥ
650 2310 712 2335 τις
728 2294 839 2344 μάλα
856 2291 1008 2334 πάντας
1026 2291 1170 2340 ὀνήσει.

261 2365 386 2413 ὅπλον
403 2379 466 2404 τοι
484 2362 608 2412 λόγος
627 2360 732 2412 ἀνδρὶ
751 2357 974 2412 τομώτερόν
994 2361 1080 2399 ἐστι
1100 2358 1270 2410 σιδήρου.
