1644 2924
786 288 879 333 100

802 420 864 458 12.

294 484 441 534 φαῦλοι
457 486 611 536 βροτῶν
628 484 707 537 γὰρ
723 486 797 526 τοῦ
812 487 946 527 πονεῖν
963 485 1184 539 ἡσσώμενοι

293 553 423 592 θανεῖν
443 553 567 605 ἐρῶσι.

798 687 860 728 1’3.

292 751 389 804 τάχ’
408 753 457 795 ἄν
474 770 535 795 τις
554 754 657 796 εἰκὸς
676 754 772 796 αὐτὸ
789 755 898 796 τοῦτ’
918 756 1015 797 εἶναι
1032 755 1160 808 λέγοι.

292 823 471 873 βροτοῖσι
487 822 625 863 πολλὰ
641 822 859 875 τυγχάνειν
877 824 948 863 οὐκ
968 822 1112 865 εἰκότα.

797 960 856 998 14.

289 1025 353 1064 καὶ
370 1025 449 1075 μὴν
466 1025 518 1065 τὰ
534 1024 608 1076 μέν
625 1039 676 1075 γε
694 1026 746 1079 τῇ
763 1024 890 1078 τέχνῃ
909 1025 1114 1078 πράσσειν·
1140 1027 1193 1068 τὰ
1212 1027 1255 1068 δὲ

287 1092 380 1143 ἡμῖν
398 1092 552 1147 ἀνάγκῃ
570 1094 634 1135 καὶ
653 1093 760 1148 τύχῃ
779 1093 1048 1147 προσγίνεται.

795 1231 857 1270 15.

558 1296 660 1346 γυνὴ
679 1295 722 1336 δὲ
741 1296 923 1347 σώματος
941 1298 988 1338 δι’
1007 1297 1148 1350 ἀργίαν

287 1364 420 1415 ψυχῆς
438 1361 628 1416 φρόνησιν
647 1363 758 1406 ἐντὸς
776 1364 847 1404 οὐκ
865 1363 988 1416 ἀργὸν
1005 1367 1128 1418 φορεῖ.

792 1499 854 1539 16.

285 1564 447 1605 ἀπολεῖς
463 1564 504 1614 μ’
524 1565 676 1615 ἐρωτῶν
692 1563 760 1605 καί
778 1579 828 1605 συ
846 1565 911 1605 καὶ
930 1567 952 1605 ὁ
972 1564 1195 1618 Νεότροπος

287 1633 329 1672 ἐν
347 1632 392 1672 οὗ
410 1630 596 1684 πρέποντι
612 1633 696 1672 τοῖς
714 1631 872 1683 λόγοισι
891 1633 1101 1685 χρώμενος.

791 1767 851 1810 17.

283 1831 404 1882 μόνου
421 1832 498 1885 γὰρ
516 1835 637 1873 αὐτοῦ
655 1834 720 1874 καὶ
739 1834 826 1876 θεὸς
843 1833 1108 1886 στερίσκεται,

285 1898 461 1949 ἀγένητα
478 1901 604 1941 ποιεῖν
622 1899 714 1941 ἅσσ’
734 1901 783 1941 ἂν
799 1899 827 1954 ᾗ
845 1900 1112 1952 πεπραγμένα.

788 2036 848 2073 18.

281 2099 409 2152 τέχνη
426 2099 558 2152 τύχην
577 2100 734 2153 ἔστερξε
753 2101 817 2141 καὶ
835 2101 943 2153 τύχη
961 2100 1122 2153 τέχνην.

787 2237 847 2276 19.

490 2306 585 2355 πρὸς
602 2302 649 2343 τὸ
667 2302 931 2356 τετράχορδον
950 2304 982 2344 δ’
1003 2304 1110 2352 ὅλον,

275 2369 351 2418 τὴν
368 2370 522 2420 ἡδονὴν,
543 2372 755 2422 ἐπιθυμίαν,
774 2369 920 2420 λύπην,
938 2370 1077 2423 φόβον,

1638 210 1644 304 ἐ

1639 337 1644 358 1

1638 365 1644 458 ἐ
