1644 2924
833 267 894 314 78

266 396 362 436 ἀλλ’
384 396 572 448 Ἀχιλεὺς
591 395 832 448 ἐφράσσατο,
853 396 982 446 κείνης
1001 399 1034 438 δ’
1055 398 1225 445 ἔσβεσεν
1243 398 1379 451 ὁρμήν·

266 464 318 504 ὥς
337 461 415 515 γάρ
431 479 497 513 μιν
516 462 714 505 ἑλάουσαν
733 464 1001 518 ἐπερχομένην
1018 468 1055 505 τ’
1078 465 1252 515 ἐνόησεν,

268 530 368 579 ἔστη
387 531 563 582 ἑλιχθεὶς
582 533 625 572 ἐν
642 531 854 583 πυμάτοισι
872 531 1013 585 λόχοις
1031 534 1108 574 ἀπὸ
1126 535 1298 587 πρώτων,

265 600 393 644 βαιοῖς
412 598 486 639 σὺν
505 600 687 640 ἱππεῦσιν
705 600 887 653 ἆρηρόσιν
907 603 950 642 ἐν
968 602 1193 651 σακέεσσιν,

265 666 420 714 ἤλασεν
438 667 621 714 ἆντιβίως
638 667 893 710 κατενάντιον
911 670 1189 723 ἆπροτιόπτως.

265 734 332 774 καί
348 737 398 787 ῥα
415 737 662 787 προεξελάων
679 735 942 788 τοξαζομένην
959 738 1182 788 βασίλειαν,

265 803 463 855 δεξιτερὴν
481 803 583 844 κατὰ
601 804 775 856 πλευρὰν
793 803 958 856 δόχμιον
976 807 1122 847 οὔτασε
1141 806 1256 860 δουρί.

266 870 362 924 αἶψα
380 874 412 912 δ’
435 872 502 923 ἀφ’
523 873 644 913 ἵππου
663 871 876 922 κάππεσεν,
897 873 1020 914 εἰσέτι
1039 877 1072 914 δ’
1095 876 1360 925 ἐμπνείεσκεν.

265 939 330 978 καὶ
348 938 424 987 τὴν
440 938 514 990 μὲν
531 939 649 980 λίπεν
668 939 764 988 αὖθι,
787 941 847 980 ἐπ’
869 940 998 982 ἄλλας
1017 942 1050 982 δ’
1069 941 1200 993 ᾤχετο
1220 941 1368 995 κούρας,

264 1007 321 1057 τῷ
340 1008 372 1046 δ’
395 1006 469 1059 ἄρα
485 1007 565 1057 μὴν
583 1008 724 1056 ἱππῆες
743 1006 886 1048 ἕποντο
905 1008 1189 1061 καρτερόθυμοι.

319 1072 394 1113 ἔνθ’
411 1073 500 1121 ἤτοι
518 1072 642 1114 πέσεν
659 1073 843 1124 Ἱπποθόη
862 1075 927 1116 καὶ
947 1074 1199 1129 Ἀντιάνειρα,

262 1140 463 1192 Τοξοφόνη
483 1143 515 1181 δ’
539 1141 601 1182 ἐπὶ
619 1143 715 1195 τῇσι
734 1142 849 1184 θάνεν
867 1144 931 1184 καὶ
949 1143 1215 1196 Τοξοάνασσα,

262 1207 369 1255 καλὴ
389 1207 646 1260 Γωρυτόεσσα
663 1209 728 1250 καὶ
746 1208 910 1259 Ἰοδόκη,
930 1210 1106 1264 Φαρέτρη
1124 1228 1182 1261 τε,

261 1275 416 1327 Ἀνδρὼ,
438 1277 588 1327 ’lugeres
608 1277 838 1330 Ὀἳστροφὴ,
858 1277 1116 1332 Ἀνδροδάΐξα.

261 1341 355 1394 πρὸς
373 1343 460 1383 ταῖς
476 1342 775 1396 Ἀσπιδοχάρμη
792 1343 922 1385 πέσσε
940 1345 1006 1386 καὶ
1023 1345 1354 1400 Ἐγχεσίμαργος,

261 1411 410 1459 Κνῆμις
427 1409 492 1449 καὶ
512 1410 686 1462 Θωρήκη,
707 1409 906 1463 Χαλκάορ,
929 1410 1137 1464 Εὔρυλόφη
1155 1429 1212 1461 τε,

261 1474 406 1524 Ἑκάτη
425 1474 660 1528 Ἀγχιμάχη
677 1493 725 1517 τε
743 1477 808 1518 καὶ
826 1477 1074 1531 Ἀνδρομάχη
1093 1479 1291 1525 βασίλεια.

259 1543 326 1583 ταὶ
343 1542 417 1593 μὲν
433 1542 695 1593 Ἀμαζονίδων
711 1543 844 1597 κούραι
862 1543 987 1586 πέσον
1006 1546 1141 1598 ἔξοχαι
1161 1546 1308 1596 ἄλλων,

258 1608 462 1660 ἡγέμονες,
481 1609 697 1656 βασίλειαι·
723 1611 876 1659 πληθὺς
894 1613 927 1651 δ’
947 1612 1119 1654 ἄσπετος
1136 1612 1218 1661 ἦεν.

259 1680 384 1729 Τρῶες
404 1678 436 1718 δ’
456 1679 507 1719 ὣς
525 1677 595 1718 οὖν
611 1677 715 1719 εἶδον
731 1679 993 1730 Ἀμαζονίδων
1010 1682 1218 1726 βασίλειας

258 1746 400 1798 χερσὶν
419 1746 482 1786 ὑπ’
499 1745 688 1798 Ἀργείων
705 1746 932 1799 δαΐζόμενας
948 1748 1192 1799 μεγαθύμων,

258 1813 390 1854 οὐκέτι
409 1813 529 1864 θυμὸν
547 1813 719 1865 ἔχεσκον
736 1815 792 1855 ἐνὶ
809 1815 1025 1866 μελέεσσιν
1044 1817 1175 1865 ἑοῖσιν,

257 1882 351 1922 ἀλλ’
369 1883 498 1922 ἵππων
517 1884 560 1923 ἐν
577 1881 745 1933 γούνασι
763 1883 1021 1936 καρπαλίμως
1037 1900 1086 1924 τε
1105 1884 1271 1925 πόδεσσι

257 1951 411 2002 φεῦγον
429 1950 536 2002 ἄλλῃ
557 1949 694 1999 ἄλλος,
714 1950 776 1991 τοὶ
797 1953 839 1990 δε
860 1949 999 1991 δίωκον
1018 1951 1179 1991 ὄπισθεν

255 2017 427 2069 Ἀργεῖοι
443 2015 676 2067 μεγάθυμοι·
702 2019 841 2063 βαῖνον
858 2019 890 2056 δ’
913 2019 954 2058 ἐν
973 2017 1191 2066 νεκύεσσιν,

257 2084 413 2124 εἵσοκεν
431 2083 580 2125 ἄλλους
597 2083 671 2135 μὲν
689 2084 911 2126 συνέελσαν
926 2085 1061 2137 τείχεϊ
1074 2086 1222 2138 Τρώων,

255 2152 349 2194 τοὺς
367 2151 410 2193 δὲ
427 2168 490 2193 τοι
510 2151 585 2204 ἔξω
599 2151 758 2204 τείχεος
778 2152 887 2194 εῗλον
905 2153 1145 2206 ζωγρείῃσιν.

255 2220 432 2262 δάσσατο
452 2221 485 2261 δ’
505 2219 600 2261 αὖτε
619 2219 787 2261 ἕκαστος
806 2220 1024 2272 Ἀμάζονας
1042 2221 1112 2270 ἠδὲ
1132 2223 1196 2262 καὶ
1217 2222 1367 2265 αὐτούς.

309 2288 430 2341 αὐτὰρ
450 2288 534 2328 ἐπεὶ
553 2286 772 2328 τετέλεστο
790 2286 902 2340 μάχη
921 2288 1110 2339 πολέμοιο
1130 2293 1324 2342 δαφοινοὶ),

256 2355 362 2396 αὖτις
383 2354 717 2407 ὑποστρεφθέντες
737 2356 1016 2397 Πενθεσίλειαν
1036 2357 1170 2410 ἑώρων.
