<?xml version="1.0" encoding="UTF-8"?>
<!DOCTYPE html PUBLIC "-//W3C//DTD XHTML 1.0 Transitional//EN"
    "http://www.w3.org/TR/xhtml1/DTD/xhtml1-transitional.dtd">
<html xmlns="http://www.w3.org/1999/xhtml" xml:lang="en" lang="en">
 <head>
  <title>
</title>
<meta http-equiv="Content-Type" content="text/html;charset=utf-8" />
  <meta name='ocr-system' content='tesseract 3.04.00' />
  <meta name='ocr-capabilities' content='ocr_page ocr_carea ocr_par ocr_line ocrx_word'/>
</head>
<body>
  <div class='ocr_page' id='page_1' title='image "./scriptoresgraeci01gileuoft_0344.png"; bbox 0 0 1644 2924; ppageno 0'>
   <div class='ocr_carea' id='block_1_1' title="bbox 829 315 919 360">
    <p class='ocr_par' dir='ltr' id='par_1_1' title="bbox 829 315 919 360">
     <span class='ocr_line' id='line_1_1' title="bbox 829 315 919 360; baseline 0 -1"><span class='ocrx_word' id='word_1_1' title='bbox 829 315 919 360; x_wconf 79' lang='lat'>138</span> 
     </span>
    </p>
   </div>
   <div class='ocr_carea' id='block_1_2' title="bbox 215 442 1518 2452">
    <p class='ocr_par' dir='ltr' id='par_1_2' title="bbox 215 442 1518 2452">
     <span class='ocr_line' id='line_1_2' title="bbox 223 442 1509 500; baseline 0.005 -18"><span class='ocrx_word' id='word_1_2' title='bbox 223 442 294 483; x_wconf 78' lang='grc' dir='ltr'>τὸν</span> <span class='ocrx_word' id='word_1_3' title='bbox 313 442 429 491; x_wconf 77' lang='grc' dir='ltr'>οἶκον,</span> <span class='ocrx_word' id='word_1_4' title='bbox 450 445 501 496; x_wconf 83' lang='grc' dir='ltr'>τῇ</span> <span class='ocrx_word' id='word_1_5' title='bbox 520 442 562 483; x_wconf 80' lang='grc' dir='ltr'>δὲ</span> <span class='ocrx_word' id='word_1_6' title='bbox 585 447 824 498; x_wconf 83' lang='grc' dir='ltr'>συναλλαγῇ</span> <span class='ocrx_word' id='word_1_7' title='bbox 841 446 928 498; x_wconf 82' lang='grc' dir='ltr'>περὶ</span> <span class='ocrx_word' id='word_1_8' title='bbox 945 445 1017 486; x_wconf 78' lang='grc' dir='ltr'>τὰς</span> <span class='ocrx_word' id='word_1_9' title='bbox 1034 445 1247 498; x_wconf 82' lang='grc' dir='ltr'><strong><em>χρωμένας,</em></strong></span> <span class='ocrx_word' id='word_1_10' title='bbox 1263 448 1318 500; x_wconf 79' lang='grc' dir='ltr'>τῇ</span> <span class='ocrx_word' id='word_1_11' title='bbox 1333 445 1376 487; x_wconf 80' lang='grc' dir='ltr'>δὲ</span> <span class='ocrx_word' id='word_1_12' title='bbox 1395 455 1509 498; x_wconf 87' lang='grc' dir='ltr'>φιλο-</span> 
     </span>
     <span class='ocr_line' id='line_1_3' title="bbox 224 509 1509 565; baseline 0.004 -16"><span class='ocrx_word' id='word_1_13' title='bbox 224 509 391 561; x_wconf 87' lang='grc' dir='ltr'>στοργία</span> <span class='ocrx_word' id='word_1_14' title='bbox 408 510 495 562; x_wconf 77' lang='grc' dir='ltr'>περὶ</span> <span class='ocrx_word' id='word_1_15' title='bbox 513 510 565 551; x_wconf 80' lang='grc' dir='ltr'>τὰ</span> <span class='ocrx_word' id='word_1_16' title='bbox 582 509 712 552; x_wconf 83' lang='grc' dir='ltr'>τέκνα.</span> <span class='ocrx_word' id='word_1_17' title='bbox 756 513 801 552; x_wconf 85' lang='grc' dir='ltr'>οὗ</span> <span class='ocrx_word' id='word_1_18' title='bbox 819 511 1110 563; x_wconf 74' lang='grc' dir='ltr'>ζηλοτυπετέον</span> <span class='ocrx_word' id='word_1_19' title='bbox 1128 511 1196 552; x_wconf 70' lang='grc' dir='ltr'>οὖν</span> <span class='ocrx_word' id='word_1_20' title='bbox 1215 526 1278 553; x_wconf 91' lang='grc' dir='ltr'>σοι</span> <span class='ocrx_word' id='word_1_21' title='bbox 1295 514 1392 565; x_wconf 77' lang='grc' dir='ltr'>πρὸς</span> <span class='ocrx_word' id='word_1_22' title='bbox 1410 515 1509 555; x_wconf 86' lang='grc' dir='ltr'>ἐκεί-</span> 
     </span>
     <span class='ocr_line' id='line_1_4' title="bbox 223 576 1518 632; baseline 0.004 -15"><span class='ocrx_word' id='word_1_23' title='bbox 223 576 307 625; x_wconf 83' lang='grc' dir='ltr'>νήν·</span> <span class='ocrx_word' id='word_1_24' title='bbox 332 578 428 629; x_wconf 77' lang='grc' dir='ltr'>πρὸς</span> <span class='ocrx_word' id='word_1_25' title='bbox 444 578 521 630; x_wconf 83' lang='grc' dir='ltr'>γὰρ</span> <span class='ocrx_word' id='word_1_26' title='bbox 549 579 621 620; x_wconf 83' lang='grc' dir='ltr'>τὰς</span> <span class='ocrx_word' id='word_1_27' title='bbox 646 577 870 632; x_wconf 82' lang='grc' dir='ltr'>ἐνναρέτους</span> <span class='ocrx_word' id='word_1_28' title='bbox 898 579 1086 620; x_wconf 77' lang='grc' dir='ltr'>ἐκτείνειν</span> <span class='ocrx_word' id='word_1_29' title='bbox 1112 579 1184 620; x_wconf 79' lang='grc' dir='ltr'>τὸν</span> <span class='ocrx_word' id='word_1_30' title='bbox 1210 578 1343 630; x_wconf 62' lang='grc' dir='ltr'>ζῆλον,</span> <span class='ocrx_word' id='word_1_31' title='bbox 1376 581 1518 622; x_wconf 83' lang='grc' dir='ltr'>καλόν·</span> 
     </span>
     <span class='ocr_line' id='line_1_5' title="bbox 224 644 1517 701; baseline 0.003 -17"><span class='ocrx_word' id='word_1_32' title='bbox 224 645 368 693; x_wconf 78' lang='grc' dir='ltr'>ἑαυτὴν</span> <span class='ocrx_word' id='word_1_33' title='bbox 385 644 428 686; x_wconf 82' lang='grc' dir='ltr'>δὲ</span> <span class='ocrx_word' id='word_1_34' title='bbox 456 644 671 698; x_wconf 79' lang='grc' dir='ltr'>παρεκτέον</span> <span class='ocrx_word' id='word_1_35' title='bbox 700 647 920 694; x_wconf 77' lang='grc' dir='ltr'>ἐπιτηδείαν</span> <span class='ocrx_word' id='word_1_36' title='bbox 947 649 1034 688; x_wconf 87' lang='grc' dir='ltr'>ταῖς</span> <span class='ocrx_word' id='word_1_37' title='bbox 1066 649 1312 698; x_wconf 76' lang='grc' dir='ltr'>διαλλαγαῖς.</span> <span class='ocrx_word' id='word_1_38' title='bbox 1357 649 1410 688; x_wconf 79' lang='grc' dir='ltr'>τὰ</span> <span class='ocrx_word' id='word_1_39' title='bbox 1437 648 1517 701; x_wconf 86' lang='grc' dir='ltr'>γὰρ</span> 
     </span>
     <span class='ocr_line' id='line_1_6' title="bbox 222 712 1515 766; baseline 0.002 -14"><span class='ocrx_word' id='word_1_40' title='bbox 222 712 328 752; x_wconf 86' lang='grc' dir='ltr'>καλὰ</span> <span class='ocrx_word' id='word_1_41' title='bbox 354 713 428 761; x_wconf 83' lang='grc' dir='ltr'>ἤθη</span> <span class='ocrx_word' id='word_1_42' title='bbox 454 712 519 753; x_wconf 80' lang='grc' dir='ltr'>καὶ</span> <span class='ocrx_word' id='word_1_43' title='bbox 537 715 625 764; x_wconf 83' lang='grc' dir='ltr'>παρ’</span> <span class='ocrx_word' id='word_1_44' title='bbox 656 714 810 765; x_wconf 82' lang='grc' dir='ltr'>ἐχθροῖς</span> <span class='ocrx_word' id='word_1_45' title='bbox 839 715 989 754; x_wconf 77' lang='grc' dir='ltr'>εὔνοιαν</span> <span class='ocrx_word' id='word_1_46' title='bbox 1013 712 1132 766; x_wconf 83' lang='grc' dir='ltr'>φέρει,</span> <span class='ocrx_word' id='word_1_47' title='bbox 1153 713 1264 766; x_wconf 91' lang='grc' dir='ltr'>φίλη.</span> <span class='ocrx_word' id='word_1_48' title='bbox 1312 715 1376 755; x_wconf 79' lang='grc' dir='ltr'>καὶ</span> <span class='ocrx_word' id='word_1_49' title='bbox 1393 713 1515 765; x_wconf 89' lang='grc' dir='ltr'>μόνης</span> 
     </span>
     <span class='ocr_line' id='line_1_7' title="bbox 228 779 1517 836; baseline 0.004 -17"><span class='ocrx_word' id='word_1_50' title='bbox 228 779 521 830; x_wconf 88' lang='grc' dir='ltr'>καλοκάγαθίας</span> <span class='ocrx_word' id='word_1_51' title='bbox 540 779 656 834; x_wconf 83' lang='grc' dir='ltr'>ἔργον</span> <span class='ocrx_word' id='word_1_52' title='bbox 675 781 786 821; x_wconf 75' lang='grc' dir='ltr'>ἐστὶν</span> <span class='ocrx_word' id='word_1_53' title='bbox 816 780 843 829; x_wconf 79' lang='grc' dir='ltr'>ἡ</span> <span class='ocrx_word' id='word_1_54' title='bbox 870 779 975 830; x_wconf 68' lang='grc' dir='ltr'>τιμή.</span> <span class='ocrx_word' id='word_1_55' title='bbox 1021 781 1146 836; x_wconf 82' lang='grc' dir='ltr'>ταύτῃ</span> <span class='ocrx_word' id='word_1_56' title='bbox 1169 782 1248 835; x_wconf 83' lang='grc' dir='ltr'>γὰρ</span> <span class='ocrx_word' id='word_1_57' title='bbox 1268 783 1332 823; x_wconf 86' lang='grc' dir='ltr'>καὶ</span> <span class='ocrx_word' id='word_1_58' title='bbox 1351 784 1517 823; x_wconf 84' lang='grc' dir='ltr'>δυνατὸν</span> 
     </span>
     <span class='ocr_line' id='line_1_8' title="bbox 221 846 1512 900; baseline 0.004 -13"><span class='ocrx_word' id='word_1_59' title='bbox 221 847 356 898; x_wconf 76' lang='grc' dir='ltr'>ἀνδρὸς</span> <span class='ocrx_word' id='word_1_60' title='bbox 368 846 545 899; x_wconf 81' lang='grc' dir='ltr'>ἐξουσίαν</span> <span class='ocrx_word' id='word_1_61' title='bbox 563 847 734 899; x_wconf 84' lang='grc' dir='ltr'>καθάπερ</span> <span class='ocrx_word' id='word_1_62' title='bbox 751 847 861 899; x_wconf 81' lang='grc' dir='ltr'>ἔχειν</span> <span class='ocrx_word' id='word_1_63' title='bbox 876 849 1043 899; x_wconf 77' lang='grc' dir='ltr'>γυναικὶ,</span> <span class='ocrx_word' id='word_1_64' title='bbox 1065 850 1129 890; x_wconf 80' lang='grc' dir='ltr'>καὶ</span> <span class='ocrx_word' id='word_1_65' title='bbox 1139 852 1324 900; x_wconf 82' lang='grc' dir='ltr'>τιμᾶσθαι</span> <span class='ocrx_word' id='word_1_66' title='bbox 1342 850 1467 891; x_wconf 86' lang='grc' dir='ltr'>πλέον</span> <span class='ocrx_word' id='word_1_67' title='bbox 1485 851 1512 899; x_wconf 76' lang='grc' dir='ltr'>ἢ</span> 
     </span>
     <span class='ocr_line' id='line_1_9' title="bbox 223 915 1515 969; baseline 0.004 -14"><span class='ocrx_word' id='word_1_68' title='bbox 223 915 447 967; x_wconf 78' lang='grc' dir='ltr'>θεραπεύειν</span> <span class='ocrx_word' id='word_1_69' title='bbox 462 917 534 957; x_wconf 82' lang='grc' dir='ltr'>τὸν</span> <span class='ocrx_word' id='word_1_70' title='bbox 553 915 704 969; x_wconf 88' lang='grc' dir='ltr'>ἐχθρόν.</span> <span class='ocrx_word' id='word_1_71' title='bbox 752 917 1021 969; x_wconf 77' lang='grc' dir='ltr'>καταρώμενος</span> <span class='ocrx_word' id='word_1_72' title='bbox 1050 916 1119 958; x_wconf 79' lang='grc' dir='ltr'>οὖν</span> <span class='ocrx_word' id='word_1_73' title='bbox 1149 919 1222 958; x_wconf 77' lang='grc' dir='ltr'>ὑπὸ</span> <span class='ocrx_word' id='word_1_74' title='bbox 1252 921 1336 967; x_wconf 83' lang='grc' dir='ltr'>σοῦ,</span> <span class='ocrx_word' id='word_1_75' title='bbox 1356 921 1515 969; x_wconf 82' lang='grc' dir='ltr'>μᾶλλον</span> 
     </span>
     <span class='ocr_line' id='line_1_10' title="bbox 223 982 1515 1040; baseline 0.002 -16"><span class='ocrx_word' id='word_1_76' title='bbox 223 982 468 1035; x_wconf 76' lang='grc' dir='ltr'>αἰσχύνεται·</span> <span class='ocrx_word' id='word_1_77' title='bbox 485 983 630 1036; x_wconf 81' lang='grc' dir='ltr'>τάχιον</span> <span class='ocrx_word' id='word_1_78' title='bbox 647 983 690 1025; x_wconf 83' lang='grc' dir='ltr'>δὲ</span> <span class='ocrx_word' id='word_1_79' title='bbox 704 986 967 1036; x_wconf 84' lang='grc' dir='ltr'>διαλλαγῆναι</span> <span class='ocrx_word' id='word_1_80' title='bbox 980 984 1154 1033; x_wconf 80' lang='grc' dir='ltr'>θελήσει·</span> <span class='ocrx_word' id='word_1_81' title='bbox 1172 984 1515 1040; x_wconf 86' lang='grc' dir='ltr'>προσπαθέστερον</span> 
     </span>
     <span class='ocr_line' id='line_1_11' title="bbox 222 1050 1512 1103; baseline 0.002 -12"><span class='ocrx_word' id='word_1_82' title='bbox 222 1050 266 1091; x_wconf 84' lang='grc' dir='ltr'>δὲ</span> <span class='ocrx_word' id='word_1_83' title='bbox 285 1051 608 1103; x_wconf 83' lang='grc' dir='ltr'>φιλοστοργήσει,</span> <span class='ocrx_word' id='word_1_84' title='bbox 630 1053 882 1102; x_wconf 83' lang='grc' dir='ltr'>συνεγνωκὼς</span> <span class='ocrx_word' id='word_1_85' title='bbox 895 1052 972 1101; x_wconf 77' lang='grc' dir='ltr'>τὴν</span> <span class='ocrx_word' id='word_1_86' title='bbox 988 1052 1140 1093; x_wconf 81' lang='grc' dir='ltr'>ἀδικίαν</span> <span class='ocrx_word' id='word_1_87' title='bbox 1154 1053 1230 1101; x_wconf 72' lang='grc' dir='ltr'>τὴν</span> <span class='ocrx_word' id='word_1_88' title='bbox 1247 1053 1302 1095; x_wconf 80' lang='grc' dir='ltr'>εἷς</span> <span class='ocrx_word' id='word_1_89' title='bbox 1316 1052 1376 1102; x_wconf 79' lang='grc' dir='ltr'>σὲ,</span> <span class='ocrx_word' id='word_1_90' title='bbox 1392 1068 1512 1094; x_wconf 89' lang='grc' dir='ltr'>κατα-</span> 
     </span>
     <span class='ocr_line' id='line_1_12' title="bbox 222 1119 1515 1173; baseline 0.003 -15"><span class='ocrx_word' id='word_1_91' title='bbox 222 1121 320 1159; x_wconf 84' lang='grc' dir='ltr'>νοῶν</span> <span class='ocrx_word' id='word_1_92' title='bbox 337 1135 384 1158; x_wconf 90' lang='grc' dir='ltr'>τε</span> <span class='ocrx_word' id='word_1_93' title='bbox 398 1119 475 1167; x_wconf 78' lang='grc' dir='ltr'>τὴν</span> <span class='ocrx_word' id='word_1_94' title='bbox 487 1120 695 1172; x_wconf 76' lang='grc' dir='ltr'>προσοχὴν</span> <span class='ocrx_word' id='word_1_95' title='bbox 713 1120 775 1160; x_wconf 78' lang='grc' dir='ltr'>ἐπὶ</span> <span class='ocrx_word' id='word_1_96' title='bbox 793 1121 865 1160; x_wconf 83' lang='grc' dir='ltr'>τοῦ</span> <span class='ocrx_word' id='word_1_97' title='bbox 882 1120 983 1168; x_wconf 85' lang='grc' dir='ltr'>βίου,</span> <span class='ocrx_word' id='word_1_98' title='bbox 1001 1120 1065 1160; x_wconf 80' lang='grc' dir='ltr'>καὶ</span> <span class='ocrx_word' id='word_1_99' title='bbox 1083 1121 1220 1172; x_wconf 87' lang='grc' dir='ltr'>πεῖραν</span> <span class='ocrx_word' id='word_1_100' title='bbox 1242 1122 1316 1169; x_wconf 78' lang='grc' dir='ltr'>τῆς</span> <span class='ocrx_word' id='word_1_101' title='bbox 1340 1123 1515 1173; x_wconf 84' lang='grc' dir='ltr'>στοργῆς</span> 
     </span>
     <span class='ocr_line' id='line_1_13' title="bbox 221 1185 1515 1239; baseline 0.002 -13"><span class='ocrx_word' id='word_1_102' title='bbox 221 1185 435 1237; x_wconf 75' lang='grc' dir='ltr'>λαμβάνων</span> <span class='ocrx_word' id='word_1_103' title='bbox 461 1189 535 1235; x_wconf 84' lang='grc' dir='ltr'>τῆς</span> <span class='ocrx_word' id='word_1_104' title='bbox 563 1187 658 1237; x_wconf 78' lang='grc' dir='ltr'>πρὸς</span> <span class='ocrx_word' id='word_1_105' title='bbox 679 1188 808 1228; x_wconf 77' lang='grc' dir='ltr'>αὐτόν.</span> <span class='ocrx_word' id='word_1_106' title='bbox 857 1188 988 1239; x_wconf 78' lang='grc' dir='ltr'>ὥσπερ</span> <span class='ocrx_word' id='word_1_107' title='bbox 1021 1187 1064 1228; x_wconf 77' lang='grc' dir='ltr'>δὲ</span> <span class='ocrx_word' id='word_1_108' title='bbox 1095 1188 1135 1228; x_wconf 80' lang='grc' dir='ltr'>αἱ</span> <span class='ocrx_word' id='word_1_109' title='bbox 1160 1187 1411 1229; x_wconf 74' lang='grc' dir='ltr'>κακοπάθειαι</span> <span class='ocrx_word' id='word_1_110' title='bbox 1441 1190 1515 1229; x_wconf 81' lang='grc' dir='ltr'>τοῦ</span> 
     </span>
     <span class='ocr_line' id='line_1_14' title="bbox 222 1254 1508 1304; baseline 0.002 -10"><span class='ocrx_word' id='word_1_111' title='bbox 222 1254 403 1303; x_wconf 78' lang='grc' dir='ltr'>σώματος</span> <span class='ocrx_word' id='word_1_112' title='bbox 433 1254 564 1303; x_wconf 79' lang='grc' dir='ltr'>ἡδείας</span> <span class='ocrx_word' id='word_1_113' title='bbox 594 1255 667 1296; x_wconf 81' lang='grc' dir='ltr'>τὰς</span> <span class='ocrx_word' id='word_1_114' title='bbox 701 1254 936 1296; x_wconf 77' lang='grc' dir='ltr'>ἀναπαύσεις</span> <span class='ocrx_word' id='word_1_115' title='bbox 970 1257 1158 1304; x_wconf 82' lang='grc' dir='ltr'>ποιοῦσιν,</span> <span class='ocrx_word' id='word_1_116' title='bbox 1187 1256 1309 1297; x_wconf 77' lang='grc' dir='ltr'>οὕτως</span> <span class='ocrx_word' id='word_1_117' title='bbox 1349 1257 1391 1296; x_wconf 78' lang='grc' dir='ltr'>αἶ</span> <span class='ocrx_word' id='word_1_118' title='bbox 1426 1258 1508 1296; x_wconf 89' lang='grc' dir='ltr'>δια·-</span> 
     </span>
     <span class='ocr_line' id='line_1_15' title="bbox 222 1321 1512 1376; baseline 0.003 -15"><span class='ocrx_word' id='word_1_119' title='bbox 222 1323 337 1373; x_wconf 82' lang='grc' dir='ltr'>φοραὶ</span> <span class='ocrx_word' id='word_1_120' title='bbox 354 1325 435 1362; x_wconf 80' lang='grc' dir='ltr'>τῶν</span> <span class='ocrx_word' id='word_1_121' title='bbox 451 1322 580 1374; x_wconf 85' lang='grc' dir='ltr'>φίλων</span> <span class='ocrx_word' id='word_1_122' title='bbox 597 1321 832 1375; x_wconf 78' lang='grc' dir='ltr'>οἰκειοτέρας</span> <span class='ocrx_word' id='word_1_123' title='bbox 848 1323 920 1364; x_wconf 76' lang='grc' dir='ltr'>τὰς</span> <span class='ocrx_word' id='word_1_124' title='bbox 939 1323 1160 1373; x_wconf 82' lang='grc' dir='ltr'>διαλλαγὰς</span> <span class='ocrx_word' id='word_1_125' title='bbox 1177 1321 1350 1376; x_wconf 87' lang='grc' dir='ltr'>φέρουσι.</span> <span class='ocrx_word' id='word_1_126' title='bbox 1399 1324 1451 1364; x_wconf 81' lang='grc' dir='ltr'>σὺ</span> <span class='ocrx_word' id='word_1_127' title='bbox 1469 1324 1512 1365; x_wconf 83' lang='grc' dir='ltr'>δὲ</span> 
     </span>
     <span class='ocr_line' id='line_1_16' title="bbox 221 1387 1508 1443; baseline 0.002 -14"><span class='ocrx_word' id='word_1_128' title='bbox 221 1390 284 1429; x_wconf 78' lang='grc' dir='ltr'>καὶ</span> <span class='ocrx_word' id='word_1_129' title='bbox 295 1389 347 1430; x_wconf 75' lang='grc' dir='ltr'>τὰ</span> <span class='ocrx_word' id='word_1_130' title='bbox 357 1387 612 1439; x_wconf 83' lang='grc' dir='ltr'>βουλεύματα</span> <span class='ocrx_word' id='word_1_131' title='bbox 620 1392 693 1430; x_wconf 83' lang='grc' dir='ltr'>τοῦ</span> <span class='ocrx_word' id='word_1_132' title='bbox 701 1387 846 1431; x_wconf 87' lang='grc' dir='ltr'>πάθους</span> <span class='ocrx_word' id='word_1_133' title='bbox 856 1390 1018 1431; x_wconf 87' lang='grc' dir='ltr'>ἀντίθες.</span> <span class='ocrx_word' id='word_1_134' title='bbox 1047 1391 1256 1431; x_wconf 85' lang='grc' dir='ltr'>νοσοῦντος</span> <span class='ocrx_word' id='word_1_135' title='bbox 1262 1390 1340 1443; x_wconf 79' lang='grc' dir='ltr'>γὰρ</span> <span class='ocrx_word' id='word_1_136' title='bbox 1347 1392 1508 1440; x_wconf 87' lang='grc' dir='ltr'>ἐκείνου,</span> 
     </span>
     <span class='ocr_line' id='line_1_17' title="bbox 220 1455 1512 1510; baseline 0 -12"><span class='ocrx_word' id='word_1_137' title='bbox 220 1458 285 1498; x_wconf 80' lang='grc' dir='ltr'>καὶ</span> <span class='ocrx_word' id='word_1_138' title='bbox 303 1457 351 1498; x_wconf 77' lang='grc' dir='ltr'>σὲ</span> <span class='ocrx_word' id='word_1_139' title='bbox 368 1459 592 1510; x_wconf 87' lang='grc' dir='ltr'>παρακαλεῖ</span> <span class='ocrx_word' id='word_1_140' title='bbox 605 1459 736 1498; x_wconf 80' lang='grc' dir='ltr'>νοσεῖν</span> <span class='ocrx_word' id='word_1_141' title='bbox 752 1459 840 1498; x_wconf 90' lang='grc' dir='ltr'>ταῖς</span> <span class='ocrx_word' id='word_1_142' title='bbox 856 1457 1012 1498; x_wconf 75' lang='grc' dir='ltr'>λύπαις·</span> <span class='ocrx_word' id='word_1_143' title='bbox 1039 1457 1103 1498; x_wconf 76' lang='grc' dir='ltr'>καὶ</span> <span class='ocrx_word' id='word_1_144' title='bbox 1123 1455 1411 1509; x_wconf 77' lang='grc' dir='ltr'>ἁμαρτάνοντος</span> <span class='ocrx_word' id='word_1_145' title='bbox 1424 1458 1512 1510; x_wconf 81' lang='grc' dir='ltr'>περὶ</span> 
     </span>
     <span class='ocr_line' id='line_1_18' title="bbox 218 1522 1507 1576; baseline 0 -11"><span class='ocrx_word' id='word_1_146' title='bbox 218 1526 267 1565; x_wconf 80' lang='grc' dir='ltr'>τὸ</span> <span class='ocrx_word' id='word_1_147' title='bbox 286 1525 499 1576; x_wconf 77' lang='grc' dir='ltr'>εὔσχημον,</span> <span class='ocrx_word' id='word_1_148' title='bbox 520 1525 584 1565; x_wconf 82' lang='grc' dir='ltr'>καὶ</span> <span class='ocrx_word' id='word_1_149' title='bbox 603 1524 652 1565; x_wconf 79' lang='grc' dir='ltr'>σὲ</span> <span class='ocrx_word' id='word_1_150' title='bbox 666 1525 753 1575; x_wconf 77' lang='grc' dir='ltr'>περὶ</span> <span class='ocrx_word' id='word_1_151' title='bbox 767 1525 839 1564; x_wconf 76' lang='grc' dir='ltr'>τὸν</span> <span class='ocrx_word' id='word_1_152' title='bbox 859 1523 1008 1574; x_wconf 85' lang='grc' dir='ltr'>κόσμον</span> <span class='ocrx_word' id='word_1_153' title='bbox 1026 1522 1272 1576; x_wconf 76' lang='grc' dir='ltr'>ἁμαρτάνειν·</span> <span class='ocrx_word' id='word_1_154' title='bbox 1300 1525 1365 1564; x_wconf 81' lang='grc' dir='ltr'>καὶ</span> <span class='ocrx_word' id='word_1_155' title='bbox 1385 1540 1507 1565; x_wconf 88' lang='grc' dir='ltr'>κατα-</span> 
     </span>
     <span class='ocr_line' id='line_1_19' title="bbox 217 1589 1509 1644; baseline 0 -12"><span class='ocrx_word' id='word_1_156' title='bbox 217 1590 471 1638; x_wconf 81' lang='grc' dir='ltr'>βλάπτὸντος</span> <span class='ocrx_word' id='word_1_157' title='bbox 485 1592 558 1632; x_wconf 71' lang='grc' dir='ltr'>τὸν</span> <span class='ocrx_word' id='word_1_158' title='bbox 575 1591 674 1640; x_wconf 87' lang='grc' dir='ltr'>βίον,</span> <span class='ocrx_word' id='word_1_159' title='bbox 695 1592 760 1632; x_wconf 85' lang='grc' dir='ltr'>καὶ</span> <span class='ocrx_word' id='word_1_160' title='bbox 779 1590 827 1631; x_wconf 77' lang='grc' dir='ltr'>σὲ</span> <span class='ocrx_word' id='word_1_161' title='bbox 840 1589 1115 1631; x_wconf 86' lang='grc' dir='ltr'>καταΒλάπτει</span> <span class='ocrx_word' id='word_1_162' title='bbox 1131 1590 1180 1630; x_wconf 82' lang='grc' dir='ltr'>τὸ</span> <span class='ocrx_word' id='word_1_163' title='bbox 1199 1589 1408 1643; x_wconf 87' lang='grc' dir='ltr'>συμφέρον.</span> <span class='ocrx_word' id='word_1_164' title='bbox 1441 1593 1509 1644; x_wconf 78' lang='grc' dir='ltr'>ἀφ’</span> 
     </span>
     <span class='ocr_line' id='line_1_20' title="bbox 217 1657 1506 1710; baseline 0.001 -11"><span class='ocrx_word' id='word_1_165' title='bbox 217 1658 272 1700; x_wconf 74' lang='grc' dir='ltr'>ῗόν</span> <span class='ocrx_word' id='word_1_166' title='bbox 289 1660 349 1699; x_wconf 64' lang='grc' dir='ltr'>ἐπ”</span> <span class='ocrx_word' id='word_1_167' title='bbox 370 1659 489 1699; x_wconf 79' lang='grc' dir='ltr'>αὐτὸν</span> <span class='ocrx_word' id='word_1_168' title='bbox 506 1657 772 1710; x_wconf 80' lang='grc' dir='ltr'>συντετάχθαι</span> <span class='ocrx_word' id='word_1_169' title='bbox 785 1657 917 1709; x_wconf 84' lang='grc' dir='ltr'>δόξεις,</span> <span class='ocrx_word' id='word_1_170' title='bbox 934 1658 997 1698; x_wconf 76' lang='grc' dir='ltr'>καὶ</span> <span class='ocrx_word' id='word_1_171' title='bbox 1016 1657 1262 1708; x_wconf 74' lang='grc' dir='ltr'>κολαζομένη</span> <span class='ocrx_word' id='word_1_172' title='bbox 1277 1660 1426 1699; x_wconf 91' lang='grc' dir='ltr'>ἐκεῖνον</span> <span class='ocrx_word' id='word_1_173' title='bbox 1441 1661 1506 1700; x_wconf 82' lang='grc' dir='ltr'>καὶ</span> 
     </span>
     <span class='ocr_line' id='line_1_21' title="bbox 219 1725 1508 1779; baseline 0 -11"><span class='ocrx_word' id='word_1_174' title='bbox 219 1727 393 1775; x_wconf 77' lang='grc' dir='ltr'>σεαυτὴν</span> <span class='ocrx_word' id='word_1_175' title='bbox 422 1725 616 1777; x_wconf 80' lang='grc' dir='ltr'>κολάζειν.</span> <span class='ocrx_word' id='word_1_176' title='bbox 659 1725 693 1766; x_wconf 83' lang='grc' dir='ltr'>εἶ</span> <span class='ocrx_word' id='word_1_177' title='bbox 701 1726 779 1777; x_wconf 81' lang='grc' dir='ltr'>γὰρ</span> <span class='ocrx_word' id='word_1_178' title='bbox 798 1726 862 1766; x_wconf 81' lang='grc' dir='ltr'>καὶ</span> <span class='ocrx_word' id='word_1_179' title='bbox 881 1725 1055 1778; x_wconf 78' lang='grc' dir='ltr'>ἀφεμένη</span> <span class='ocrx_word' id='word_1_180' title='bbox 1073 1725 1257 1779; x_wconf 78' lang='grc' dir='ltr'>πορεύσῃ,</span> <span class='ocrx_word' id='word_1_181' title='bbox 1279 1725 1414 1778; x_wconf 79' lang='grc' dir='ltr'>ἑτέρου</span> <span class='ocrx_word' id='word_1_182' title='bbox 1433 1729 1508 1779; x_wconf 75' lang='grc' dir='ltr'>ἄρα</span> 
     </span>
     <span class='ocr_line' id='line_1_22' title="bbox 216 1792 1508 1846; baseline 0.002 -13"><span class='ocrx_word' id='word_1_183' title='bbox 216 1793 431 1846; x_wconf 83' lang='grc' dir='ltr'>πειραθήσῃ</span> <span class='ocrx_word' id='word_1_184' title='bbox 461 1794 596 1845; x_wconf 80' lang='grc' dir='ltr'>ἀνδρὸς</span> <span class='ocrx_word' id='word_1_185' title='bbox 623 1796 696 1833; x_wconf 85' lang='grc' dir='ltr'>τοῦ</span> <span class='ocrx_word' id='word_1_186' title='bbox 724 1792 912 1846; x_wconf 87' lang='grc' dir='ltr'>προτέρου</span> <span class='ocrx_word' id='word_1_187' title='bbox 941 1795 1235 1844; x_wconf 87' lang='grc' dir='ltr'>ἀπαλλαγεῖσα·</span> <span class='ocrx_word' id='word_1_188' title='bbox 1264 1793 1341 1846; x_wconf 74' lang='grc' dir='ltr'>κᾷν</span> <span class='ocrx_word' id='word_1_189' title='bbox 1361 1796 1508 1837; x_wconf 87' lang='grc' dir='ltr'>ἐκεῖνος</span> 
     </span>
     <span class='ocr_line' id='line_1_23' title="bbox 219 1859 1508 1916; baseline 0.001 -15"><span class='ocrx_word' id='word_1_190' title='bbox 219 1859 370 1916; x_wconf 69' lang='grc' dir='ltr'>ἁμάρτῃ</span> <span class='ocrx_word' id='word_1_191' title='bbox 381 1861 434 1902; x_wconf 84' lang='grc' dir='ltr'>τὰ</span> <span class='ocrx_word' id='word_1_192' title='bbox 444 1861 568 1911; x_wconf 85' lang='grc' dir='ltr'>ὅμοια,</span> <span class='ocrx_word' id='word_1_193' title='bbox 583 1860 704 1902; x_wconf 79' lang='grc' dir='ltr'>πάλιν</span> <span class='ocrx_word' id='word_1_194' title='bbox 719 1862 859 1910; x_wconf 68' lang='grc' dir='ltr'>ἄλλου,</span> <span class='ocrx_word' id='word_1_195' title='bbox 873 1862 918 1901; x_wconf 79' lang='grc' dir='ltr'>οὗ</span> <span class='ocrx_word' id='word_1_196' title='bbox 929 1861 1081 1913; x_wconf 75' lang='grc' dir='ltr'>φορητὴ</span> <span class='ocrx_word' id='word_1_197' title='bbox 1095 1861 1172 1913; x_wconf 81' lang='grc' dir='ltr'>γὰρ</span> <span class='ocrx_word' id='word_1_198' title='bbox 1185 1859 1286 1902; x_wconf 87' lang='grc' dir='ltr'>νέαις</span> <span class='ocrx_word' id='word_1_199' title='bbox 1296 1860 1449 1913; x_wconf 87' lang='grc' dir='ltr'>χηρεία.</span> <span class='ocrx_word' id='word_1_200' title='bbox 1481 1863 1508 1910; x_wconf 78' lang='grc' dir='ltr'>ἢ</span> 
     </span>
     <span class='ocr_line' id='line_1_24' title="bbox 215 1925 1507 1980; baseline -0.001 -12"><span class='ocrx_word' id='word_1_201' title='bbox 215 1927 316 1979; x_wconf 86' lang='grc' dir='ltr'>μόνη</span> <span class='ocrx_word' id='word_1_202' title='bbox 332 1930 461 1979; x_wconf 89' lang='grc' dir='ltr'>μενεῖς</span> <span class='ocrx_word' id='word_1_203' title='bbox 491 1929 555 1968; x_wconf 87' lang='grc' dir='ltr'>ἀπ’</span> <span class='ocrx_word' id='word_1_204' title='bbox 585 1928 720 1980; x_wconf 81' lang='grc' dir='ltr'>ἀνδρὸς</span> <span class='ocrx_word' id='word_1_205' title='bbox 753 1927 906 1979; x_wconf 71' lang='grc' dir='ltr'>οἷόνπερ</span> <span class='ocrx_word' id='word_1_206' title='bbox 925 1925 1027 1978; x_wconf 75' lang='grc' dir='ltr'>ἄζυξ.</span> <span class='ocrx_word' id='word_1_207' title='bbox 1076 1927 1184 1967; x_wconf 77' lang='grc' dir='ltr'>ἀλλὰ</span> <span class='ocrx_word' id='word_1_208' title='bbox 1202 1927 1417 1977; x_wconf 82' lang='grc' dir='ltr'>ἀμελήσεις</span> <span class='ocrx_word' id='word_1_209' title='bbox 1433 1930 1507 1967; x_wconf 83' lang='grc' dir='ltr'>τοῦ</span> 
     </span>
     <span class='ocr_line' id='line_1_25' title="bbox 217 1992 1503 2048; baseline -0.001 -12"><span class='ocrx_word' id='word_1_210' title='bbox 217 1995 336 2044; x_wconf 71' lang='grc' dir='ltr'>οἴκου,</span> <span class='ocrx_word' id='word_1_211' title='bbox 357 1995 422 2035; x_wconf 77' lang='grc' dir='ltr'>καὶ</span> <span class='ocrx_word' id='word_1_212' title='bbox 440 1997 696 2048; x_wconf 85' lang='grc' dir='ltr'>καταφθερεῖς</span> <span class='ocrx_word' id='word_1_213' title='bbox 712 1995 784 2036; x_wconf 81' lang='grc' dir='ltr'>τὸν</span> <span class='ocrx_word' id='word_1_214' title='bbox 802 1996 937 2047; x_wconf 70' lang='grc' dir='ltr'>ἄνδρας</span> <span class='ocrx_word' id='word_1_215' title='bbox 968 1993 1162 2035; x_wconf 82' lang='grc' dir='ltr'>ἐπωδύνου</span> <span class='ocrx_word' id='word_1_216' title='bbox 1180 1994 1253 2046; x_wconf 73' lang='grc' dir='ltr'>ἄρα</span> <span class='ocrx_word' id='word_1_217' title='bbox 1270 1992 1361 2041; x_wconf 84' lang='grc' dir='ltr'>βίου</span> <span class='ocrx_word' id='word_1_218' title='bbox 1375 1997 1503 2035; x_wconf 90' lang='grc' dir='ltr'>συνδι-</span> 
     </span>
     <span class='ocr_line' id='line_1_26' title="bbox 217 2061 1504 2116; baseline -0.001 -13"><span class='ocrx_word' id='word_1_219' title='bbox 217 2062 352 2116; x_wconf 79' lang='grc' dir='ltr'>αιρέσῃ</span> <span class='ocrx_word' id='word_1_220' title='bbox 381 2062 457 2110; x_wconf 79' lang='grc' dir='ltr'>τὴν</span> <span class='ocrx_word' id='word_1_221' title='bbox 481 2061 653 2110; x_wconf 87' lang='grc' dir='ltr'>βλάβην.</span> <span class='ocrx_word' id='word_1_222' title='bbox 700 2063 793 2102; x_wconf 87' lang='grc' dir='ltr'>ἀλλ’</span> <span class='ocrx_word' id='word_1_223' title='bbox 813 2063 937 2115; x_wconf 81' lang='grc' dir='ltr'>ἀμυνῇ</span> <span class='ocrx_word' id='word_1_224' title='bbox 963 2062 1039 2110; x_wconf 79' lang='grc' dir='ltr'>τὴν</span> <span class='ocrx_word' id='word_1_225' title='bbox 1068 2061 1241 2114; x_wconf 86' lang='grc' dir='ltr'>ἑταίραν;</span> <span class='ocrx_word' id='word_1_226' title='bbox 1270 2063 1504 2114; x_wconf 81' lang='grc' dir='ltr'>περιστήσε-</span> 
     </span>
     <span class='ocr_line' id='line_1_27' title="bbox 215 2128 1505 2182; baseline -0.002 -11"><span class='ocrx_word' id='word_1_227' title='bbox 215 2130 283 2172; x_wconf 85' lang='grc' dir='ltr'>ταί</span> <span class='ocrx_word' id='word_1_228' title='bbox 300 2144 349 2171; x_wconf 89' lang='grc' dir='ltr'>σε</span> <span class='ocrx_word' id='word_1_229' title='bbox 367 2128 657 2182; x_wconf 88' lang='grc' dir='ltr'>φυλαττομένη.</span> <span class='ocrx_word' id='word_1_230' title='bbox 706 2129 780 2182; x_wconf 78' lang='grc' dir='ltr'>κᾷν</span> <span class='ocrx_word' id='word_1_231' title='bbox 797 2128 933 2182; x_wconf 83' lang='grc' dir='ltr'>ἀμύνῃ,</span> <span class='ocrx_word' id='word_1_232' title='bbox 952 2128 1123 2181; x_wconf 88' lang='grc' dir='ltr'>μάχιμός</span> <span class='ocrx_word' id='word_1_233' title='bbox 1144 2131 1253 2169; x_wconf 92' lang='grc' dir='ltr'>ἐστιν</span> <span class='ocrx_word' id='word_1_234' title='bbox 1271 2130 1341 2169; x_wconf 80' lang='grc' dir='ltr'>οὐκ</span> <span class='ocrx_word' id='word_1_235' title='bbox 1362 2131 1505 2181; x_wconf 86' lang='grc' dir='ltr'>ἐρυθρι-</span> 
     </span>
     <span class='ocr_line' id='line_1_28' title="bbox 217 2194 1500 2249; baseline -0.001 -11"><span class='ocrx_word' id='word_1_236' title='bbox 217 2202 303 2238; x_wconf 83' lang='grc' dir='ltr'>ῶσα</span> <span class='ocrx_word' id='word_1_237' title='bbox 318 2195 430 2247; x_wconf 80' lang='grc' dir='ltr'>γυνή.</span> <span class='ocrx_word' id='word_1_238' title='bbox 469 2196 577 2236; x_wconf 84' lang='grc' dir='ltr'>ἀλλὰ</span> <span class='ocrx_word' id='word_1_239' title='bbox 595 2196 719 2236; x_wconf 81' lang='grc' dir='ltr'>καλὸν</span> <span class='ocrx_word' id='word_1_240' title='bbox 737 2194 923 2247; x_wconf 86' lang='grc' dir='ltr'>ὁσημέραι</span> <span class='ocrx_word' id='word_1_241' title='bbox 940 2194 1141 2246; x_wconf 87' lang='grc' dir='ltr'>μάχεσθαι</span> <span class='ocrx_word' id='word_1_242' title='bbox 1156 2196 1251 2247; x_wconf 83' lang='grc' dir='ltr'>πρὸς</span> <span class='ocrx_word' id='word_1_243' title='bbox 1268 2196 1340 2236; x_wconf 83' lang='grc' dir='ltr'>τὸν</span> <span class='ocrx_word' id='word_1_244' title='bbox 1358 2196 1500 2249; x_wconf 71' lang='grc' dir='ltr'>ἄνδρας</span> 
     </span>
     <span class='ocr_line' id='line_1_29' title="bbox 218 2261 1505 2315; baseline -0.001 -11"><span class='ocrx_word' id='word_1_245' title='bbox 218 2264 282 2304; x_wconf 81' lang='grc' dir='ltr'>καὶ</span> <span class='ocrx_word' id='word_1_246' title='bbox 299 2264 340 2303; x_wconf 88' lang='grc' dir='ltr'>τί</span> <span class='ocrx_word' id='word_1_247' title='bbox 356 2261 498 2309; x_wconf 84' lang='grc' dir='ltr'>πλέον;</span> <span class='ocrx_word' id='word_1_248' title='bbox 529 2263 569 2302; x_wconf 79' lang='grc' dir='ltr'>αἱ</span> <span class='ocrx_word' id='word_1_249' title='bbox 585 2263 662 2313; x_wconf 86' lang='grc' dir='ltr'>γὰρ</span> <span class='ocrx_word' id='word_1_250' title='bbox 679 2261 807 2314; x_wconf 90' lang='grc' dir='ltr'>μάχαι</span> <span class='ocrx_word' id='word_1_251' title='bbox 823 2262 888 2302; x_wconf 83' lang='grc' dir='ltr'>καὶ</span> <span class='ocrx_word' id='word_1_252' title='bbox 907 2262 1092 2315; x_wconf 86' lang='grc' dir='ltr'>λοιδορίαι</span> <span class='ocrx_word' id='word_1_253' title='bbox 1102 2263 1177 2311; x_wconf 81' lang='grc' dir='ltr'>τὴν</span> <span class='ocrx_word' id='word_1_254' title='bbox 1197 2263 1271 2314; x_wconf 84' lang='grc' dir='ltr'>μὲν</span> <span class='ocrx_word' id='word_1_255' title='bbox 1286 2263 1505 2304; x_wconf 85' lang='grc' dir='ltr'>ἀκολασίαν</span> 
     </span>
     <span class='ocr_line' id='line_1_30' title="bbox 218 2329 1500 2383; baseline 0 -11"><span class='ocrx_word' id='word_1_256' title='bbox 218 2330 263 2373; x_wconf 77' lang='grc' dir='ltr'>οὗ</span> <span class='ocrx_word' id='word_1_257' title='bbox 279 2331 456 2379; x_wconf 85' lang='grc' dir='ltr'>παύουσι,</span> <span class='ocrx_word' id='word_1_258' title='bbox 475 2336 551 2379; x_wconf 82' lang='grc' dir='ltr'>τὴν</span> <span class='ocrx_word' id='word_1_259' title='bbox 569 2329 611 2371; x_wconf 83' lang='grc' dir='ltr'>δὲ</span> <span class='ocrx_word' id='word_1_260' title='bbox 631 2331 816 2383; x_wconf 82' lang='grc' dir='ltr'>διαφορὰν</span> <span class='ocrx_word' id='word_1_261' title='bbox 833 2333 919 2371; x_wconf 83' lang='grc' dir='ltr'>ταῖς</span> <span class='ocrx_word' id='word_1_262' title='bbox 936 2334 1148 2383; x_wconf 87' lang='grc' dir='ltr'>προκοπαῖς</span> <span class='ocrx_word' id='word_1_263' title='bbox 1167 2333 1334 2383; x_wconf 78' lang='grc' dir='ltr'>αὔξουσι.</span> <span class='ocrx_word' id='word_1_264' title='bbox 1373 2332 1414 2371; x_wconf 80' lang='grc' dir='ltr'>τὶ</span> <span class='ocrx_word' id='word_1_265' title='bbox 1432 2330 1474 2372; x_wconf 80' lang='grc' dir='ltr'>δὲ</span> <span class='ocrx_word' id='word_1_266' title='bbox 1490 2348 1500 2378; x_wconf 86' lang='lat'><strong>;</strong></span> 
     </span>
     <span class='ocr_line' id='line_1_31' title="bbox 226 2397 1502 2452; baseline -0.002 -11"><span class='ocrx_word' id='word_1_267' title='bbox 226 2399 426 2452; x_wconf 78' lang='grc' dir='ltr'>βουλεύσῃ</span> <span class='ocrx_word' id='word_1_268' title='bbox 444 2399 484 2439; x_wconf 78' lang='grc' dir='ltr'>τὶ</span> <span class='ocrx_word' id='word_1_269' title='bbox 500 2400 584 2440; x_wconf 85' lang='grc' dir='ltr'>κατ’</span> <span class='ocrx_word' id='word_1_270' title='bbox 605 2398 775 2445; x_wconf 88' lang='grc' dir='ltr'>ἐκείνου;</span> <span class='ocrx_word' id='word_1_271' title='bbox 804 2399 869 2449; x_wconf 80' lang='grc' dir='ltr'>μὴ,</span> <span class='ocrx_word' id='word_1_272' title='bbox 891 2398 1000 2449; x_wconf 85' lang='grc' dir='ltr'>φίλη.</span> <span class='ocrx_word' id='word_1_273' title='bbox 1048 2397 1284 2449; x_wconf 82' lang='grc' dir='ltr'>ζηλοτυπίας</span> <span class='ocrx_word' id='word_1_274' title='bbox 1303 2401 1458 2451; x_wconf 88' lang='grc' dir='ltr'>κρατεῖν</span> <span class='ocrx_word' id='word_1_275' title='bbox 1476 2399 1502 2446; x_wconf 83' lang='grc' dir='ltr'><em>ἡ</em></span> 
     </span>
    </p>
   </div>
   <div class='ocr_carea' id='block_1_3' title="bbox 1630 2411 1644 2531">
    <p class='ocr_par' dir='ltr' id='par_1_3' title="bbox 1630 2353 1644 2531">
     <span class='ocr_line' id='line_1_32' title="bbox 1630 2411 1644 2531; baseline 0 0"><span class='ocrx_word' id='word_1_276' title='bbox 1630 2411 1644 2531; x_wconf 34' lang='grc' dir='ltr'>π</span> 
     </span>
    </p>
   </div>
   <div class='ocr_carea' id='block_1_4' title="bbox 1628 2537 1644 2717">
    <p class='ocr_par' dir='ltr' id='par_1_4' title="bbox 1616 2533 1644 2770">
     <span class='ocr_line' id='line_1_33' title="bbox 1628 2537 1644 2717; baseline 0 53"><span class='ocrx_word' id='word_1_277' title='bbox 1628 2537 1644 2717; x_wconf 54' lang='grc' dir='ltr'><em>ὲ</em></span> 
     </span>
    </p>
   </div>
  </div>
 </body>
</html>
