1644 2924
896 296 959 339 30

892 426 956 463 51.

350 483 351 486 ¹
383 492 494 544 ἡμερὶ
513 489 808 542 πανθέλκτειρα,
828 490 1059 543 μεθυτρόφε,
1079 493 1203 544 μῆτερ
1223 491 1383 544 ὀπώρας,

437 560 559 607 οὔλης
577 557 602 605 ἢ
622 558 785 598 σκολιὸν
802 557 967 608 πλέγμα
985 558 1096 610 φύεις
1115 557 1257 608 ἕλικος,

382 627 500 677 Τηΐου
517 627 708 676 ἦβήσειας
724 626 1016 680 Ἀνακρείοντος
1036 627 1095 668 ἐπ’
1115 627 1212 681 ἄκρῃ

435 693 579 748 στήλῃ,
600 694 666 735 καὶ
684 695 820 746 λεπτῷ
836 695 994 746 χώματι
1011 694 1128 735 τοῦδε
1144 693 1286 747 τάφου,

382 763 432 803 ὣς
451 764 472 802 ὁ
491 760 733 814 φιλάκρητός
750 777 798 801 τε
816 761 881 802 καὶ
900 761 1105 814 οἷνοβαρὴς
1123 760 1347 813 φιλόκωμος

433 828 647 881 παννύχιος
665 827 811 881 κρούων
827 829 903 877 τὴν
920 827 1135 881 φιλόπαιδα
1152 828 1291 880 χέλυν,

381 899 455 946 κῆν
472 897 586 950 χθονὶ
604 898 798 946 πεπτηὼς,
820 899 998 949 κεφαλῆς
1019 896 1209 949 ἐφύπερθε
1228 897 1386 950 φέροιτο

435 965 590 1017 ἀγλαὸν
607 966 753 1018 ὡραίων
770 963 916 1017 βότρυν
933 963 998 1004 ἀπ’
1018 963 1248 1016 ἀκρεμόνων,

382 1032 448 1074 καί
463 1049 530 1083 μιν
548 1033 607 1072 ἀεὶ
625 1031 768 1083 τέγγοι
786 1032 925 1084 νοτερὴ
945 1031 1093 1085 δρόσος,
1114 1030 1162 1080 Τῆς
1180 1034 1202 1072 ὁ
1219 1031 1376 1084 ’γεραιὸς

434 1099 648 1153 λαρότερον
664 1103 855 1150 μαλακῶν
873 1099 1011 1140 ἔπνεεν
1029 1101 1074 1140 ἐκ
1093 1097 1312 1150 στομάτων.

888 1237 951 1274 52.

381 1303 496 1345 οὗτος
511 1302 797 1355 Ἀνακρείοντα,
817 1301 890 1342 τὸν
907 1301 1072 1354 ἄφθιτον
1091 1301 1221 1342 εἵνεκα
1241 1304 1409 1342 Μουσῶν

434 1370 667 1422 ὕμνοπόλον,
687 1369 838 1422 πάτρης
852 1369 1004 1420 τύμβος
1023 1369 1159 1410 ἔδεκτο
1176 1368 1270 1416 Τέω,

377 1441 421 1482 ὃς
438 1439 617 1491 Χαρίτων
633 1438 818 1478 πνείοντα
834 1435 950 1488 μέλη,
970 1437 1155 1477 πνείοντα
1173 1437 1206 1476 δ’
1224 1436 1410 1489 Ἐρώτων,

429 1507 502 1548 τὸν
518 1505 673 1557 ’γλυκὺν
691 1507 731 1546 ἐς
747 1506 895 1545 παίδων
910 1505 1044 1555 ἵμερον
1060 1503 1272 1558 ἡρμόσατο.

376 1576 516 1626 μοῦνος
535 1574 566 1614 δ’
587 1573 644 1613 εἶν
660 1569 867 1626 Ἀχέροντι
885 1571 1106 1623 βαρύνεται,
1127 1573 1206 1624 οὐχ
1224 1571 1286 1612 ὅτι
1303 1570 1451 1612 λείπων

429 1641 576 1691 ἠέλιον,
594 1640 724 1688 Λήθης
744 1638 867 1681 ἐνθάδ’
888 1639 1027 1692 ἔκυρσε
1046 1639 1186 1690 δόμων·

378 1711 471 1753 ἀλλ’
490 1711 551 1751 ὅτι
568 1710 640 1751 τὸν
656 1710 847 1762 χαρίεντα
863 1708 949 1759 μετ’
968 1706 1132 1756 ἠϊθέοισι
1151 1705 1368 1758 Μεγιστέα,

431 1779 496 1820 καὶ
514 1778 586 1819 τὸν
603 1776 796 1829 Σμερδίεω
815 1777 949 1830 Θρῇκα
966 1774 1133 1816 λέλοιπε
1150 1773 1281 1815 πόθον.

374 1849 530 1899 μολπῆς
549 1846 582 1886 δ’
602 1846 646 1885 οὗ
664 1843 777 1892 λήθει
793 1842 1060 1894 μελιτερπέος,
1081 1841 1175 1882 ἀλλ’
1195 1841 1251 1881 ἔτ’
1272 1843 1396 1883 ἐκεῖνο

430 1912 622 1967 βάρβιτον
639 1911 728 1953 οὐδὲ
747 1912 870 1952 θανὼν
889 1911 1053 1951 εὔνασεν
1071 1909 1128 1950 εἶν
1143 1907 1264 1961 Ἀΐδῃ.

882 2021 945 2058 53.

372 2090 527 2141 μνήμην
545 2089 577 2129 δ’
597 2089 644 2129 οὔ
659 2104 748 2128 τινα
765 2086 864 2138 φημὶ
883 2085 1072 2137 Σιμωνίδῃ
1093 2083 1332 2137 ἰσοφαρίζειν

426 2154 746 2208 ὖγδωκονταέτει,
764 2154 872 2195 παιδὶ
888 2150 1150 2205 Λεωπρεπέος.

877 2249 941 2287 54.

372 2320 414 2372 ἓξ
432 2319 496 2360 ἐπὶ
513 2316 770 2366 πεντήκοντα,
790 2315 1008 2366 Σιμώνιδες,
1027 2313 1124 2367 ᾔραο
1142 2312 1307 2365 ταύρους

426 2387 489 2429 καὶ
507 2387 700 2440 τρίποδας,
721 2384 810 2437 πρὶν
826 2383 930 2425 τόνδ’
951 2381 1153 2432 ἂνθέμεναι
1171 2380 1325 2423 πίνακα.
