1644 2924
822 269 884 311 90

259 398 398 451 πυῤῥὸς
417 397 496 447 ἔην,
518 396 667 438 πολλοί
685 400 721 438 τ’
744 397 819 450 ἄρα
834 413 902 447 μιν
920 397 1070 451 Πύρρον
1087 397 1318 439 καλέεσκον.

261 466 406 517 εὐήλιξ,
428 465 687 516 ὑπόγλαυκος,
709 465 861 514 λευκὸς,
881 465 1183 518 γλαγεόχροιος,

263 535 374 587 εὔριν,
396 534 572 586 εὔθώραξ,
590 533 790 583 τολμηεὶς,
811 531 1083 585 οὐλοκάρηνος,

263 602 490 650 εὕσκυλτος,
510 601 654 653 πικρὸς,
674 602 882 653 προπετὴς,
902 600 1039 652 μέγας,
1060 600 1302 654 ἀγριόθυμος,

261 668 395 722 λάχνη
414 670 447 710 δ’
466 670 503 709 οἱ
521 669 719 721 χαρίεσσα
738 668 882 720 ἐφύετο
901 670 1113 723 ἀνθερεῶνι.

261 739 322 786 ἥῖε
343 738 374 778 δ’
397 739 440 778 ἐκ
460 735 621 778 Θέτιδος
638 737 832 790 πατρώϊον
849 736 943 787 αῗμα
962 738 1118 778 διώκων.

262 806 299 845 οἱ
318 807 351 845 δ’
373 805 532 852 Ὀδυσῆ’
553 802 727 856 ἐρέουσιν
745 804 821 844 ἀπὸ
840 803 1004 856 Σκύροιο
1023 805 1221 856 κομίσσαι,

261 873 466 924 χρησμοῖς,
486 869 791 921 μαντοσύναισιν
807 872 834 920 ἢ
853 872 1121 925 αὗτομόλῃσιν
1138 872 1304 926 ἀνάγκῃ.

261 941 316 991 τῷ
336 941 367 979 δ’
389 940 463 992 ἄρα
481 939 546 979 καὶ
566 939 740 991 πατρώϊα
757 940 911 991 χρύσεα
928 941 1087 981 ὤπασεν
1105 940 1222 981 ὅπλα.

262 1009 356 1048 θῦσε
376 1008 407 1047 δ’
428 1007 501 1059 ἄρα
518 1010 652 1058 πρῶτα
669 1007 862 1058 πατρώἳον
882 1009 921 1048 ἐς
939 1006 1068 1059 τάφον
1089 1009 1224 1057 ἐλθών,

263 1073 484 1127 κειράμενος
502 1076 535 1115 δ’
555 1073 742 1123 ἀνέθηκεν
760 1074 829 1122 ἑὴν
846 1075 1094 1127 χρυσότριχα
1110 1076 1268 1127 χαιτὴν,

261 1145 322 1190 ἠδ’
343 1142 408 1184 οὓς
428 1144 472 1183 ἐκ
490 1141 640 1194 πάτρης
660 1141 798 1194 ἔφερεν
815 1141 1044 1192 πλοκάμους
1061 1143 1295 1195 γενετήρων,

261 1211 406 1263 μητρὸς
425 1207 660 1259 Δηϊδαμείας
679 1208 751 1257 ἠδέ
766 1225 814 1249 τε
831 1210 1123 1262 πρωτοτοκήων.

265 1278 386 1330 αὐτὰρ
406 1277 489 1318 ἐπεὶ
509 1275 699 1327 δάκρυσεν
718 1275 856 1317 ἔθυσέν
873 1293 920 1316 τε
937 1278 994 1328 τῷ
1012 1277 1116 1318 ὅσσα
1132 1275 1255 1330 ἐῴκει,

261 1346 332 1386 τὸν
348 1344 421 1395 μὲν
440 1343 561 1384 ἔπειτ’
582 1342 781 1395 Ἀτρείδης
800 1345 842 1384 ἐν
860 1343 1039 1396 κλισίῃσι
1058 1343 1248 1397 κάτεσχε,

263 1415 364 1464 δῶρα
381 1410 422 1451 δὲ
441 1410 530 1451 δοὺς
548 1410 754 1463 ἀπέπεμψε
770 1411 862 1451 ποτὶ
881 1410 1038 1452 κλισίας
1055 1412 1257 1463 Ἀχιλῆος.

264 1482 306 1520 ἐν
324 1478 367 1520 δὲ
386 1479 542 1531 Βρισηῒς
560 1477 691 1519 πάντα
706 1479 880 1529 πατρώϊα
897 1478 1083 1530 χρήματα
1101 1481 1212 1530 δεῖξε,

265 1547 419 1600 χήρατο
439 1546 471 1587 δ’
491 1549 541 1587 ὣς
562 1546 712 1594 ἐνόησε,
734 1546 799 1586 καὶ
818 1545 978 1598 ἔδρακεν
996 1547 1046 1586 ὡς
1065 1545 1188 1595 φίλον
1202 1546 1277 1595 υΐα,

262 1615 306 1656 ὃς
325 1617 357 1655 δ’
378 1616 428 1656 ὣς
445 1612 596 1666 μητέρα
611 1613 770 1654 τίεσκεν
788 1613 852 1654 καὶ
872 1613 1019 1665 ἔχεσκε
1037 1614 1125 1665 παρ’
1145 1615 1259 1664 αὐτῷ.

313 1681 433 1734 αὐτὰρ
453 1681 537 1721 ἐπεὶ
556 1679 733 1731 καμάτου
751 1678 999 1720 ἀνεπαύσατο
1020 1681 1138 1721 αἵολα
1155 1683 1262 1731 γυῖα,

264 1747 482 1800 ἑσσάμενος
499 1746 678 1801 ῥεθέεσσι
692 1748 868 1801 πατρώϊα
884 1747 1038 1800 χρύσεα
1054 1747 1194 1801 τεύχη,

265 1819 305 1858 ἐς
324 1817 460 1869 δίφρον
476 1817 512 1856 τ’
533 1815 681 1862 ἀναβὰς
700 1813 774 1855 σύν
790 1814 831 1864 γ’
850 1814 1113 1864 Αὐτομέδοντι
1131 1815 1269 1867 ἑταίρῳ

257 1884 373 1937 ’Άρεῖ
386 1882 660 1935 χαλκοχίτωνι
679 1881 859 1932 ἀλίγκιος
877 1884 917 1923 ἐς
935 1880 1058 1932 μέσον
1077 1881 1190 1931 ἔστη·

265 1950 504 2004 Μυρμίδονές
523 1951 556 1991 δ’
577 1949 760 2002 ἑκάτερθε
779 1950 844 1991 καὶ
862 1951 1033 2002 Ἀργεῖοι
1051 1949 1285 2002 στιχόωντο.

264 2017 390 2070 Τρωσὶ
409 2016 452 2057 δὲ
469 2020 619 2069 πρῶτος
638 2016 758 2067 ἔδειξε
774 2016 968 2067 πατρώϊον
986 2015 1088 2068 ἅρμα
1105 2016 1169 2056 καὶ
1185 2016 1342 2058 ἵππους·

265 2085 303 2124 οἳ
320 2086 353 2123 δ’
375 2084 426 2124 ὥς
444 2082 547 2124 εἶδον
565 2082 792 2134 ὑπέτρεσαν,
813 2082 991 2133 ἀμφασίη
1009 2082 1086 2134 γὰρ
1105 2081 1288 2135 ἔπεσχεν,

263 2150 459 2202 οἰομένους
475 2152 650 2203 Ἀχιλῆα
667 2150 858 2202 πελώριον
876 2148 983 2190 αὖθις
1002 2148 1130 2202 ὁράαν.

266 2218 503 2272 Μυρμίδονές
521 2234 568 2259 τε
587 2218 651 2258 καὶ
669 2219 839 2269 Ἀργεῖοι
857 2216 994 2270 κεράϊζ
990 2233 1034 2258 ον
1053 2218 1222 2259 ὄπισθεν.

267 2286 382 2328 αὐτὸς
399 2286 432 2326 δ’
452 2284 501 2327 αὖ
519 2285 775 2326 Μελάνιππον
794 2288 939 2326 Μυσῶν
956 2285 1159 2336 ἡγεμονῆα

263 2354 335 2402 ἠῢν
352 2353 487 2406 πέφνε,
509 2352 628 2405 φίλον
645 2352 764 2404 γόνον
783 2351 1000 2405 Ἱστριοίδαο
1020 2352 1200 2404 Ἑλώρου.
