1644 2924
830 297 892 340 42

325 423 518 478 Τρωϊάδας
535 424 583 466 τὲ
601 426 788 476 γυναῖκας
808 424 1047 479 ἐλάγχανον,
1069 424 1244 480 ἄλλάζτε
1261 426 1391 469 πάντα

324 492 475 545 χρυσὸν
495 491 750 545 ἐμοιρήσαντο
769 493 833 534 καὶ
853 494 1031 547 ἄργυρον·
1059 494 1137 535 οἶσι
1155 494 1314 541 βαθείας

324 562 420 609 νῆας
439 559 740 612 ἐπαχθήσαντες
760 561 988 615 ἐριγδούπου
1007 563 1068 603 διὰ
1085 562 1231 604 πόντου

327 628 373 667 ἐκ
390 629 528 680 Τροίης
547 626 742 679 ἀνάγοντο
760 628 880 679 μόθον
897 628 1137 672 τελέσαντες
1154 631 1320 683 Ἀχαιοί.

780 798 941 807 ..ι-

562 909 808 952 ’ῙΩΑΝΝΗΣ
836 910 882 950 'O
908 915 1143 954 ΤΖΕΤΖΗΣ.

662 1007 695 1043 1.
724 1005 776 1044 τὰ
793 1005 867 1056 πρὸ
883 1004 1062 1058 Ὀμήρου.

323 1096 521 1150 ἀργαλέου
538 1096 728 1148 πολέμοιο
746 1099 868 1139 κακὸν
885 1097 1006 1140 πόνον
1022 1101 1206 1141 ’Ῑλιακοῒο

323 1164 471 1214 ἔννεπε,
494 1164 752 1214 Καλλιόπεια,
775 1166 839 1218 ὑφ’
859 1165 1094 1220 ἡμετέρῃσιν
1112 1168 1267 1216 ἀοιδαῖς,

322 1230 473 1283 ἀρχῆθε
492 1233 524 1272 δ’
546 1230 701 1273 ἐπάειδε
716 1233 781 1273 καὶ
802 1235 842 1274 ἐς
858 1233 978 1275 τέλος
996 1234 1190 1288 ἐξερέεινε,

323 1300 365 1350 ἐξ
383 1299 475 1340 ὅτεο
494 1299 665 1352 Πρίαμος
682 1301 823 1352 λοιγὸν
840 1302 1192 1354 Τρώεσσι-φυτεύει

322 1363 512 1420 δύσπαριν
530 1366 756 1418 οὐλόμενον,
778 1369 908 1421 ἀρχὴν
924 1368 1114 1420 πολέμοιο
1134 1372 1280 1419 κακοῖο,

322 1433 395 1474 τὸν
413 1433 502 1475 νόος
521 1435 592 1474 οὐκ
613 1434 779 1486 ἐρέεινεν
797 1435 970 1488 Ὀμήρου
990 1437 1226 1487 κυδαλίμοιο,

322 1499 459 1541 ἔννεπε
478 1501 510 1540 δ’
529 1500 711 1553 Ἀργείης
728 1501 889 1550 Ἑλένης
908 1501 1098 1555 ἐρόεσσαν
1115 1503 1286 1553 ὀπωπὴν,

319 1572 401 1610 πῶς
418 1567 469 1609 τέ
482 1585 549 1619 μιν
567 1568 668 1619 ἦγεν
683 1567 937 1622 Ἀλέξανδρος
955 1574 1184 1622 Σπαρτῆθεν
1199 1571 1349 1624 Τροίην.

323 1636 460 1676 ἔννεπε
479 1635 522 1676 δὲ
540 1635 668 1676 πλόον
685 1635 888 1685 Ἑλλήνων
906 1638 972 1678 καὶ
991 1641 1086 1687 νῆας
1105 1638 1272 1681 ἁπάσας·

327 1701 412 1743 εἲπὲ
432 1701 474 1743 δὲ
495 1704 694 1751 Πηλείδαο
714 1702 833 1744 κότον
852 1705 916 1745 καὶ
937 1705 1100 1758 ὄλεθρον
1116 1708 1298 1759 Ἀχαιῶν,

322 1768 598 1822 Σαρπηδόνι-ος
616 1770 851 1822 Πατρόκλου
867 1787 915 1811 τε
934 1772 998 1813 καὶ
1007 1771 1199 1827 ’Έκτορος
1217 1773 1338 1815 οΐτον·

323 1836 408 1878 εἰπὲ
429 1836 472 1878 δὲ
491 1836 784 1887 Πενθεσίλειαν,
806 1838 949 1892 κούρην
968 1839 1217 1893 ἀντιάνειραν.

248 1952 250 1957 X
324 1904 462 1946 ἔννεπε
480 1905 512 1945 δ’
531 1904 724 1945 Αἰθιόπων
742 1906 923 1958 στρατὸν,
946 1906 1030 1947 υἵεά
1046 1909 1083 1947 τ’
1101 1907 1351 1959 Ἠριγενείης.

323 1970 471 2024 φράζεο
491 1973 524 2012 δ’
544 1972 730 2013 Αἰακίδαο
748 1973 902 2025 πότμον
919 1975 1167 2028 δακρυόεντα’

321 2039 550 2092 Εὐρύπυλόν
566 2057 614 2081 τε
632 2041 737 2082 ἄειδε
755 2041 820 2081 καὶ
839 2041 924 2083 νῖέα
940 2042 1136 2091 Αἰακίδαο,

319 2107 507 2156 μαντείας
526 2107 559 2147 θ’
578 2106 750 2157 Ἑλένου,
773 2108 837 2148 καὶ
855 2108 1125 2162 Ἀλεξάνδροιο
1143 2112 1282 2161 φονῆα.

321 2171 409 2212 εἰπὲ
428 2171 471 2212 δὲ
490 2173 554 2213 καὶ
571 2172 835 2228 πτολίπορθον
852 2175 1009 2216 Ἐπείου
1027 2176 1183 2228 δούρεον
1199 2178 1330 2226 ἵππον,

326 2240 484 2281 εἵσοκεν
501 2239 675 2288 ἠίστωσε
693 2242 866 2294 πελώρια
882 2242 1023 2294 τείχεα
1040 2245 1188 2296 Τροίης.

318 2306 445 2348 ταῦτά
462 2325 527 2359 μοι
547 2308 785 2362 εὐπατέρεια,
806 2311 899 2351 Διὸς
915 2310 1041 2360 τέκος,
1064 2311 1198 2352 ἔννεπε
1219 2315 1368 2354 Μοῦσα,

370 2374 457 2422 ἦτοι
474 2374 547 2426 μὲν
566 2375 681 2429 Τροίη
699 2376 886 2427 πολέμοις
905 2377 1103 2430 προτέροις
1120 2378 1328 2430 μογέεσκε.
