1644 2924
894 334 924 376 8

890 463 927 501 6.

371 538 516 592 πρόσθε
534 535 607 587 μὲν
625 532 838 586 ἀγραύλοιο
857 527 1093 579 δασύτριχος
1112 522 1247 575 ἰξάλου
1266 521 1378 571 αἶγος

424 605 561 646 δισσὸν
580 602 643 643 ε’πὶ
662 600 832 653 χλωροῖς
851 593 1077 646 ἐστεφόμην
1094 588 1296 630 πετάλοις·

372 677 439 716 νῦν
457 672 503 714 δέ
517 689 567 724 με
585 666 800 720 Νικομάχῳ
820 661 1023 718 κεραοξόος
1043 660 1189 712 ἥρμοσε
1207 655 1369 703 τέκτων,

428 738 642 782 ἐντανύσας
661 734 792 776 ἕλικος
810 729 978 784 καρτερὰ
996 729 1111 780 νεῦρα
1128 724 1233 772 βοός.

377 939 609 994 σωφροσύνῃ
627 935 830 990 προφέρων
849 933 998 981 θνητῶν
1014 930 1099 977 ἤθει
1116 942 1163 967 τε
1183 923 1325 975 δικαίῳ,

434 1006 568 1050 ἐνθάδε
587 1007 712 1046 κεῖται
731 1003 826 1053 ἀνὴρ
845 1002 924 1040 δἰὀς
940 992 1235 1050 Ἀριστοκλέης·

380 1078 414 1118 εἶ
432 1075 477 1117 δέ
492 1090 553 1116 τις
573 1075 617 1113 ἐκ
635 1070 792 1112 πάντων
810 1067 953 1119 σοφίης
970 1063 1100 1115 μέγαν
1119 1060 1243 1112 ἔσχεν
1263 1058 1430 1104 ἔπαινον,

432 1144 547 1186 οὗτος
566 1143 653 1195 ἔχει
671 1140 876 1185 πλεῖστον,
898 1134 962 1176 καὶ
982 1131 1125 1186 φθόνος
1144 1131 1221 1181 οὐχ
1242 1126 1389 1168 ἕπεται.

910 1273 945 1310 8.

386 1350 539 1389 ὕστατα
557 1346 604 1392 δὴ
623 1342 708 1383 τάδ’
729 1341 834 1381 ἔειπε
853 1339 977 1391 φίλαν
994 1335 1085 1375 ποτὶ
1103 1332 1253 1385 ματέρα
1272 1330 1404 1381 Γοργὼ

439 1413 695 1467 δακρυόεσσα,
718 1408 830 1462 δέρης
848 1406 990 1460 χερσὶν
1008 1400 1275 1456 ἐφαπτομένα·

318 1494 320 1496 ’
387 1483 472 1526 αὖθι
489 1480 618 1533 μένοις
636 1477 740 1531 παρὰ
757 1474 886 1527 πατρὶ,
907 1472 1037 1514 τέκοις
1056 1472 1088 1511 δ’
1110 1469 1173 1510 ἐπὶ
1192 1466 1311 1519 λῷονι
1328 1465 1444 1517 μοίρᾳ

442 1550 584 1597 ἄλλαν,
606 1547 664 1597 σῷ
681 1545 808 1595 πολιῷ
825 1541 947 1595 ’γήραΐ
963 1536 1167 1589 καδεμόνα.

914 1680 951 1717 9.

392 1751 519 1794 οὐκέτ’
540 1750 598 1790 ἄν’
618 1750 740 1796 ὗλῆεν
759 1744 861 1797 δρίος
880 1746 1047 1790 εὔσκιον,
1068 1738 1220 1792 ἇγρότα
1237 1735 1379 1788 πέρδιξ,

444 1817 657 1872 ἠχήεσσαν
676 1814 746 1856 ἱεὶς
763 1816 889 1866 γῆρυν
907 1812 984 1852 ἀπὸ
1003 1805 1224 1859 στομάτων,

394 1886 593 1940 θηρεύσεις
610 1882 776 1931 βαλίους
795 1878 1059 1930 συνομήλικας
1078 1877 1121 1915 ἐν
1138 1873 1242 1924 νομῷ
1260 1871 1370 1918 ὕλης·

449 1955 555 2007 ᾤχεο
573 1953 651 2004 ’γὰρ
669 1949 851 2001 πυμάταν
871 1947 925 1988 εἷς
941 1943 1179 1997 Ἀχέροντος
1197 1938 1296 1980 ὀδόν.
1362 1935 1369 1948 ’

908 2083 969 2120 10.

399 2153 633 2207 τηλυγέτων
651 2153 684 2193 δ’
703 2150 863 2203 ἀφνειὸν
880 2144 1145 2201 ’Ὑπερβορέων
1162 2143 1236 2183 ἀνὰ
1253 2143 1386 2191 δῆμον,

400 2228 483 2267 τοῖς
502 2225 549 2272 δὴ
569 2221 634 2263 καί
651 2221 739 2261 ποτ’
759 2220 854 2269 ἅναξ
871 2217 971 2270 ’ἥρως
988 2211 1252 2267 παρεδαῖσατο
1272 2207 1456 2260 Περσεὺς,

402 2293 494 2335 ἔνθα
512 2290 555 2332 δὲ
574 2286 839 2339 Μασσαγέται
857 2283 1015 2336 ταχέων
1035 2279 1266 2330 ἐπιβήτορες
1282 2278 1411 2317 ἵππων

405 2359 587 2408 ναίουσιν,
606 2359 755 2409 τόξοισι
772 2351 1002 2394 πεποιθότες
1021 2346 1270 2395 ὦκυβόλοισι,

407 2425 615 2469 θεσπέσιόν
633 2441 678 2465 τε
698 2422 784 2476 περὶ
803 2420 893 2474 ῥόον
911 2420 1058 2468 ἤλυθον
1076 2413 1228 2456 ἆενάοιο
