1644 2924
851 269 914 311 34

340 403 514 455 δεξιτερᾷ
533 402 564 441 δ’
587 404 628 441 ἐν
647 402 750 454 χειρὶ
769 401 990 442 τινασσέτω
1009 401 1170 452 ὄβριμον
1190 400 1322 451 ἔγχος,

394 470 546 510 κινείτω
563 468 605 509 δὲ
624 468 753 520 λόφον
771 468 897 509 δεινὸν
916 467 1011 519 ὑπὲρ
1029 469 1216 519 κεφαλᾶς.

345 536 463 590 ἔρδων
482 537 514 576 δ’
534 536 676 588 ὅβριμα
696 535 793 587 ἔργα
811 534 1052 576 διδασκέσθω
1070 533 1306 585 πολεμίζειν,

394 604 482 654 μήδ’
504 603 618 644 ἐκτὸς
636 602 790 650 βελέων
809 602 964 643 ἑστάτω
983 602 1113 643 ἀσπίδ’
1134 594 1249 653 ἔχων.

342 671 452 713 ἀλλά
469 688 529 713 τις
549 671 670 722 ἐγγὺς
689 671 766 719 ἰὼν,
788 670 1033 722 αὐτοσχεδὸν
1052 669 1172 721 ἔγχεϊ
1187 669 1319 719 μακρῷ

396 741 422 789 ἢ
441 742 542 793 ξίφει
561 738 744 790 οὐτάζων,
766 737 874 779 δάϊον
893 739 995 790 ἄνδρ’
1017 736 1152 778 ἑλέτω.

343 808 407 849 καὶ
425 807 527 848 πόδα
543 807 621 859 πὰρ
638 807 727 846 ποδὶ
748 807 836 855 θεὶς,
858 806 923 846 καὶ
943 806 1001 845 ἐπ’
1022 804 1185 846 ἀσπίδος
1204 803 1334 845 ἀσπίδ’
1356 802 1516 855 ἐρείσας,

397 878 440 916 ἐν
458 874 501 915 δὲ
519 874 647 927 λόφον
664 890 711 913 τε
730 873 854 924 λόφῳ,
876 873 939 913 καὶ
959 871 1100 912 κυνέαν
1118 871 1246 923 κυνέᾳ,

344 943 408 984 καὶ
427 941 591 994 στέρνον
609 939 757 992 στέρνῳ
775 938 1052 989 πεπαλῃμένος
1071 939 1177 990 ἀνδρὶ
1195 937 1395 989 μαχέσθω,

397 1011 423 1059 ἢ
442 1010 573 1060 ξίφεος
592 1009 725 1049 κώπαν
742 1009 768 1056 ἢ
788 1007 878 1060 δόρυ
898 1008 1046 1059 μακρὸν
1064 1008 1176 1047 ἑλών.

347 1080 451 1127 ὖμὲις
469 1076 514 1123 δ’,
532 1075 561 1115 ὦ
580 1077 787 1126 γυμνᾶτες,
810 1075 871 1114 ὑπ’
893 1073 1057 1115 ἀσπίδος
1076 1074 1248 1114 ἄλλοθεν
1267 1073 1392 1113 ἄλλος

397 1144 662 1191 πτώσσοντες,
682 1141 875 1193 μεγάλοις
893 1140 1074 1188 βάλλετε
1092 1140 1327 1193 χερμαδίοις,

344 1210 505 1265 δούρασί
521 1227 568 1251 τε
586 1212 785 1262 ξεστοῖσιν
803 1208 1073 1259 ἀκοντίζοντες
1093 1211 1133 1250 ἐς
1153 1208 1302 1255 αὐτοὺς,

398 1282 503 1320 τοῖσι
521 1278 780 1318 πανοπλίταις
797 1277 971 1317 πλασίον
990 1275 1202 1326 ἱστάμενοι.

868 1415 894 1451 4

345 1482 576 1534 τεθνάμεναι
593 1482 670 1534 γὰρ
689 1481 813 1521 καλὸν
833 1480 895 1519 ἐπὶ
914 1477 1153 1531 προμάχοισι
1171 1477 1347 1517 πεσόντα

401 1551 504 1604 ἄνδρ’
524 1549 683 1601 ἀγαθὸν,
702 1548 790 1600 περὶ
807 1549 832 1598 ᾇ
851 1547 1006 1599 πατρίδι
1023 1544 1276 1597 μαρνάμενον.

346 1621 420 1661 τὰν
439 1620 471 1660 δ’
492 1620 611 1659 αὑτοῦ
627 1614 872 1670 προλιπόντα
887 1614 1006 1654 πόλιν
1024 1613 1088 1653 καὶ
1107 1614 1243 1653 πίονας
1262 1611 1404 1663 ἀγροὺς

400 1685 631 1738 πτωχεύειν,
651 1682 809 1724 πάντων
827 1682 910 1722 ἔστ’
931 1681 1196 1733 ἀνιαρότατον,

347 1753 594 1805 πλαζόμενον
612 1751 687 1792 σὺν
702 1750 826 1803 ματρὶ·
837 1748 948 1802 φίλᾳ,
971 1749 1036 1789 καὶ
1053 1748 1170 1799 πατρὶ
1189 1746 1357 1799 γέροντι,

401 1819 513 1862 παισί
530 1836 576 1860 τε
596 1818 670 1859 σὺν
685 1819 845 1870 μικροῖς,
867 1815 1038 1868 κουριδία
1054 1816 1091 1854 τ’
1112 1813 1261 1865 ἀλόχῳ.

349 1889 489 1942 ἐχθρὸς
505 1887 578 1938 μὲν
595 1886 673 1938 ’γὰρ
689 1887 795 1926 τοῖσι
813 1884 1136 1935 μετέσσεταμοῧς
1155 1898 1223 1922 κεν
1239 1882 1382 1929 ἵκηται,

402 1953 662 2008 χρασμοσύνᾳ
678 1953 715 1993 τ’
737 1954 849 1993 εἴκων
869 1953 932 1992 καὶ
953 1951 1127 2001 στυγερᾷ
1145 1950 1272 2000 πενίᾳ·

349 2014 529 2076 αἰσχύνει
546 2038 593 2062 τε
612 2019 738 2071 γένος,
761 2020 862 2060 κατὰ
880 2020 912 2058 δ’
933 2018 1086 2068 ἀγλαὸν
1106 2015 1205 2056 εἶδος
1227 2013 1403 2065 ἐλέγχει,

401 2092 511 2131 πᾶσα
530 2089 561 2129 δ’
582 2087 722 2138 ἀθυμία
740 2087 803 2127 καὶ
824 2085 994 2127 κακότας
1013 2083 1158 2124 ἕπεται.

349 2159 416 2200 εἶθ’
438 2159 558 2199 οὕτως
578 2156 712 2208 ἀνδρός
730 2171 793 2196 τοι
813 2152 1014 2203 ἀλωμένου
1032 2151 1173 2201 οὐδεμί’
1194 2152 1270 2202 ὥρα

401 2226 596 2277 γίγνεται,
615 2223 695 2264 οὔτ’
717 2222 828 2262 αἰδὼς
849 2220 1034 2261 εἰσοπίσω
1052 2217 1217 2258 τελέθει.

351 2293 454 2344 θυμῷ
471 2293 547 2342 Ὑᾶς
564 2291 650 2342 περὶ
669 2291 792 2330 τᾶσδε
811 2288 1036 2339 μαχώμεθα,
1059 2285 1122 2325 καὶ
1140 2284 1226 2336 περὶ
1246 2283 1389 2323 παίδων

405 2358 640 2408 θνάσκωμεν,
661 2355 819 2408 ψυχέων
836 2353 976 2404 μηκέτι
996 2353 1224 2403 φειδόμενοι.
