1644 2924
831 287 921 332 108

734 571 840 611 ’ῙΩΝ
869 574 1007 613 ΧῙΟΣ.

855 704 889 743 l.

331 768 603 823 θυρσοφόροισι
622 768 751 822 φίλος,
770 768 877 820 μέγα
894 769 1124 822 πρεσβεύων
1142 769 1346 812 Διόνυσος’

384 837 484 886 αὐτὴ
502 837 579 890 γὰρ
597 836 792 890 πρόφασις
810 840 1069 878 παντοδαπῶν
1087 837 1246 890 λογίων.

330 906 374 946 αἵ
386 922 433 946 τε
451 903 711 953 πανελλήνων
731 905 882 957 ἀγοραὶ,
903 905 1036 946 θαλιαί
1052 921 1100 945 τε
1119 903 1308 955 ἀνάκτων,

385 975 426 1024 ἐξ
443 971 490 1013 οὗ
506 972 742 1026 βοτρυόεσσ)
765 971 870 1014 οἰνὰς
889 972 1126 1024 ὑποχθόνιον

328 1039 497 1093 πτόρθον
515 1039 782 1093 ἀνασχομένη,
802 1042 954 1093 θαλερῷ
973 1039 1166 1092 ἐπτύξατο
1183 1040 1317 1093 πήχει.

381 1108 530 1161 αἰθέρος
547 1108 760 1160 ὀφθαλμῶν
777 1109 810 1149 δ’
831 1107 1005 1161 ἐξέθορον
1023 1108 1175 1150 πῦκινοι

326 1177 460 1217 παῖδες
478 1175 712 1228 φωνήεντες,
732 1176 828 1217 ὅταν
844 1175 949 1230 πέσῃ
969 1175 1097 1217 ἄλλος
1116 1176 1176 1216 ἐπ’
1196 1176 1321 1229 ἄλλῳ.

377 1242 468 1294 πρὶν
486 1242 528 1284 δὲ
549 1246 733 1284 σιωπῶσι.
761 1242 1005 1294 παυσάμενοι
1023 1242 1066 1284 δὲ
1085 1246 1186 1292 βοῆς

325 1308 467 1363 νέκταρ
486 1310 741 1362 ἀμέλγονται,
760 1309 880 1362 μόνον
899 1311 1038 1358 ὄλβων
1056 1311 1288 1365 ἀνθρώποισι

377 1377 489 1428 ξυνὸν
505 1380 578 1418 τοῦ
594 1377 749 1430 χαίρειν
766 1376 970 1430 φάρμακον
988 1377 1191 1430 αὐτοφυὲς,

322 1446 395 1485 τοῦ
413 1444 544 1485 θαλίαι
563 1446 664 1497 φίλα
681 1443 814 1494 τέκνα,
835 1445 1122 1498 φιλοφροσύναι
1139 1461 1198 1495 τε,
1218 1445 1335 1499 χοροί
1352 1463 1410 1496 τε,

376 1515 457 1553 τῶν
473 1512 630 1562 ἀγαθῶν
648 1512 840 1558 βασιλεὺς
859 1511 962 1559 οἶνος
981 1512 1102 1564 ἔδειξε
1120 1513 1253 1565 φύσιν·

322 1582 395 1620 τοῦ
413 1579 464 1620 σὺ
482 1579 608 1633 πάτερ
625 1579 804 1628 Διόνυσε,
825 1578 1180 1632 φιλοστεφάνοισιν
1200 1579 1375 1634 ἀρέσκων

376 1645 570 1700 ἀνδράσιν,
592 1646 764 1697 εὐθύμων
782 1647 1010 1697 συμποσίων
1026 1645 1203 1699 πρύτανι,

320 1717 449 1767 χαῖρε,
469 1713 574 1755 δίδου
593 1717 624 1755 δ’
647 1714 782 1763 αἰῶνα,
797 1717 931 1755 καλῶν
950 1713 1131 1767 ἐπιήρανε
1151 1714 1286 1767 ἔργων,

374 1783 500 1823 πίνειν
517 1782 583 1824 καὶ
601 1780 764 1832 παίζειν,
786 1780 851 1822 καὶ
869 1780 923 1821 τὰ
941 1780 1070 1822 δίκαια
1087 1785 1255 1835 φρονεῖν.

842 1905 878 1942 2.

318 1971 489 2024 χαιρέτω
507 1970 695 2023 ἡμέτερος
713 1969 905 2016 βασιλεὺς
924 1968 1056 2020 σωτήρ
1073 1984 1120 2009 τε
1138 1969 1268 2020 πατήρ
1285 1982 1346 2010 τε·

371 2037 465 2088 ἡμῖν
483 2036 526 2077 δὲ
545 2039 703 2090 κρητῆρ’
723 2035 897 2088 οἰνοχόοι
915 2035 1079 2089 θέραπες

319 2103 531 2157 κιρνάντων
547 2104 809 2156 προχύταισιν
828 2105 872 2144 ἐν
889 2102 1103 2156 ἀργυρέοις·
1131 2105 1153 2143 ὃ
1173 2103 1215 2144 δὲ
1235 2104 1393 2158 Χρύσης

371 2171 477 2212 οἶνον
495 2171 600 2223 ἔχων
617 2173 767 2223 χειροῖν
784 2169 920 2221 νιζέτω
940 2170 995 2211 εἷς
1015 2170 1167 2221 ἔδαφος.

317 2238 552 2281 σπένδοντες
569 2238 602 2277 δ’
623 2237 751 2288 ἁγνῶς
769 2238 960 2288 Ἠρακλεῖ
970 2239 1007 2278 τ’
1027 2237 1229 2291 Ἀλκμήνῃ
1248 2256 1306 2288 τε,

371 2305 554 2359 Προκλέΐ,
576 2305 803 2359 Περσείδαις
821 2306 871 2354 τ’,
893 2308 938 2347 ἐκ
957 2306 1050 2347 Διὸς
1069 2306 1293 2358 ἀρχόμενοι,

318 2374 496 2424 πίνωμεν,
517 2372 723 2424 παίζωμεν,
742 2374 814 2415 ἴτω
833 2374 895 2415 διὰ
913 2374 1052 2416 νυκτὸς
1070 2374 1191 2423 ἀοιδή.
