1644 2924
804 319 867 362 68

240 444 292 482 ὧν
311 457 374 482 σοι
395 443 514 483 ἔδωκε
534 444 632 491 θεὸς,
653 445 804 484 τούτων
822 444 1015 498 χρῄζουσι
1034 445 1254 498 παράσχου.

240 508 343 549 ἔστω
362 509 490 550 κοινὸς
509 509 610 550 ἅπας
629 512 650 550 ὁ
669 510 767 558 βίος,
789 511 853 551 καὶ
873 510 1072 564 ὁμόφρονα
1090 511 1230 554 πάντα.

291 575 339 614 τὸ
359 577 470 625 ξίφος
489 576 730 627 ἀμφιβαλοῦ,
749 577 805 627 μὴ
823 577 919 628 πρὸς
937 577 1071 628 φόνον,
1093 579 1186 619 ἀλλ’
1208 581 1248 620 ἐς
1267 579 1428 629 ἄμυναν·

239 642 317 681 εἴθε
337 640 381 681 δὲ
397 643 453 692 μὴ
471 641 634 696 χρῄζοις
650 642 742 693 μήτ’
763 642 916 693 ἔννομα,
937 643 1029 693 μήτ’
1050 645 1189 686 ἀδίκως
1208 660 1270 696 γε.

238 708 287 753 ἣν
304 707 383 758 γὰρ
401 707 636 761 ἀποκτείνῃς
655 709 798 761 ἐχθρὸν
816 708 899 757 σέο,
919 712 1037 762 χεῖρα
1053 713 1227 760 μιαίνεις.

292 774 416 826 ἀγροῦ
433 774 706 825 γειτονέοντος
724 774 917 827 ἀπόσχεο,
937 777 1027 826 μήδ’
1047 777 1106 830 ἄρ’
1127 779 1309 830 ὑπερβῇς.

237 839 339 889 μηδέ
354 841 427 880 τιν’
447 841 659 892 αὐξόμενον
677 842 825 894 καρπὸν
842 843 1033 891 λώβησον
1052 844 1225 896 ἀρούρης.

292 908 475 950 ἔστωσαν
493 908 672 960 ὁμότιμοι
691 909 884 958 ἐπήλυδες
903 911 946 950 ἐν
963 911 1187 959 πολιήταις·

237 973 383 1015 πάντες
401 975 479 1026 γὰρ
497 976 632 1024 πενίης
649 977 868 1027 πειρώμεθα
884 978 959 1024 τῆς
976 976 1307 1029 πολυπλάγκτου·

236 1043 347 1095 χώρη
367 1044 399 1083 δ’
420 1045 468 1083 οὔ
482 1059 523 1083 τι
542 1043 709 1090 βέβαιον
728 1044 815 1095 ἔχει
833 1043 954 1084 πέδον
971 1044 1215 1096 ἀνθρώποισι.

291 1109 317 1156 ἡ
336 1110 668 1162 φιλοχρημοσύνη
685 1110 816 1161 μήτηρ
834 1109 1055 1159 κακότητος
1073 1109 1241 1160 ardum,

238 1177 387 1227 χρυσὸς
406 1177 466 1217 ἀεὶ
486 1177 604 1218 δόλος
622 1177 710 1217 ἐστὶ
729 1177 794 1217 καὶ
813 1177 980 1230 ἄργυρος
999 1177 1242 1230 ἀνθρώποισι.

238 1242 377 1295 χρυσὲ,
398 1247 529 1284 κακῶν
546 1242 716 1296 ἀρχηγὲ,
736 1243 936 1296 βιοφθόρε,
957 1242 1089 1284 πάντα
1105 1243 1334 1295 χαλέπτων,

240 1311 317 1349 ε’ίθε
336 1324 384 1350 σε
402 1310 457 1360 μὴ
477 1312 654 1359 θνητοῖσι
671 1308 859 1360 γενέσθαι
877 1312 990 1359 πῆμα
1007 1310 1198 1351 ποθεινόν.

239 1378 313 1415 σοῦ
330 1377 408 1429 γὰρ
426 1375 538 1425 ἕκητι
553 1375 682 1428 μάχαι
698 1393 756 1425 τε,
777 1377 993 1424 λεηλασίαι
1010 1392 1068 1424 τε,
1090 1376 1203 1428 φόνοι
1221 1394 1279 1426 τε,

239 1442 363 1493 ἐχθρὰ
381 1442 425 1483 δὲ
441 1442 565 1487 τέκνα
581 1445 778 1493 γονεῦσιν,
798 1442 1002 1494 ἀδελφειοί
1018 1459 1067 1483 τε
1085 1443 1296 1494 συναίμοις.

290 1508 380 1557 μήθ’
400 1507 535 1561 ἕτερον
553 1508 704 1550 κεύθοις
722 1507 857 1560 κραδίῃ
877 1508 978 1557 νόον,
1000 1509 1095 1550 ἄλλ’
1114 1509 1326 1562 ἀγορεύων

236 1574 338 1623 μήδ’,
358 1576 409 1615 ὡς
426 1575 650 1627 πετροφυὴς
667 1574 880 1622 πολύπους,
900 1575 1003 1615 κατὰ
1020 1578 1155 1627 χῶραν
1173 1576 1349 1626 ἀμείβου.

293 1643 403 1683 ὅστις
423 1644 523 1682 ἑκὼν
540 1643 675 1690 ἀδικεῖ,
696 1642 816 1683 κακὸς
835 1641 944 1694 ἀνήρ·
971 1642 1065 1683 ἀλλ’
1086 1645 1149 1683 ὑπ’
1171 1643 1360 1695 ἀνάγκης,

239 1711 310 1749 οὐκ
330 1708 423 1762 ἐρέω
440 1710 488 1750 τὸ
506 1709 640 1751 τέλος·
666 1711 797 1758 βουλὴ
816 1713 848 1750 δ’
866 1710 1040 1751 eboba&
1061 1710 1244 1752 ἑκάστου.

291 1778 347 1827 μὴ
365 1780 514 1830 γαυροῦ
531 1777 664 1830 σοφίῃ,
685 1778 777 1827 μήτ’
797 1778 914 1830 ἀλκῃ,
934 1778 1027 1828 μήτ’
1048 1778 1105 1818 ἐνὶ
1122 1779 1295 1831 πλούτῳ.

241 1844 295 1885 εἷς
314 1844 402 1885 θεός
421 1847 508 1885 ἐστι
527 1845 663 1896 σοφὸς,
685 1843 848 1885 δυνατός
867 1845 900 1884 θ’
920 1843 1010 1894 ἅμα,
1032 1844 1098 1884 καὶ
1115 1844 1355 1892 πολύολβος.

291 1911 391 1960 μηδὲ
409 1910 731 1963 παροιχομένοισι
749 1913 883 1952 κακοῖς
899 1910 1050 1962 τρύχου
1067 1913 1160 1951 τεὸν
1178 1911 1289 1963 ἦτορ·

240 1980 310 2018 οὐκ
330 1979 388 2017 ἔτι
406 1979 485 2029 γὰρ
503 1978 663 2018 δύναται
681 1979 729 2018 τὸ
747 1977 995 2028 τετυγμένον
1015 1977 1111 2018 εἶναι
1130 1977 1312 2018 ἄτυκτον.

292 2045 347 2093 μὴ
365 2045 564 2096 προπετὴς
583 2047 623 2085 ἐς
640 2047 768 2096 χεῖρα,
789 2044 961 2095 χαλίνου
979 2044 1011 2083 δ’
1032 2044 1169 2095 ἄγριον
1187 2043 1324 2095 ὀργήν·

238 2109 415 2151 πολλάκι
433 2111 510 2163 γὰρ
527 2110 681 2161 πλήξας
699 2110 825 2151 ἀέκων
842 2111 964 2162 φόνον
983 2110 1254 2161 ἐξετέλεσσεν.

294 2176 398 2216 ἔστω
417 2177 529 2216 κοινὰ
545 2176 664 2224 πάθη*
690 2175 814 2226 μηδὲν
830 2175 948 2226 μέγα,
968 2176 1058 2226 μήδ’
1079 2169 1326 2228 ὑπέροπλον.-

239 2243 310 2282 οὐκ
329 2242 479 2291 ἀγαθὸν
495 2241 717 2292 πλεονάζον
736 2242 811 2293 ἔφυ
830 2243 1029 2290 θνητοῖσιν
1048 2242 1190 2293 ὄνειαρ·

237 2309 262 2355 ἦ
280 2308 416 2355 πολλὴ
435 2307 478 2347 δὲ
495 2308 624 2360 τροφὴ
642 2308 737 2360 πρὸς
756 2307 946 2359 ἀμέτρους
965 2307 1075 2347 ἕλκει
1095 2308 1252 2360 ἔρωτας·

237 2376 410 2426 ὑψαυχεῖ
422 2375 453 2413 δ’
475 2377 496 2415 ὁ
515 2375 640 2415 πολὺς
657 2377 841 2423 πλοῦτος,
863 2375 926 2415 καὶ
949 2376 988 2415 ἐς
1007 2375 1118 2426 ὕβριν
1137 2374 1250 2426 ἀέξει.
