1644 2924
818 263 878 309 76

254 395 449 446 πήγνυσιν
468 395 592 434 ὕδατα
608 394 733 433 λευκὰ
751 394 815 433 καὶ
836 393 890 434 εἷς
908 392 1027 445 χίονα
1043 392 1305 443 μεταβάλλει,

254 461 381 515 πάντῃ
402 462 434 502 δ’
456 460 548 501 ἔνθα
565 460 630 501 καὶ
649 460 726 500 ἔνθ’
746 458 972 500 ἐπύκασσεν
989 462 1107 510 γαῖαν
1125 459 1293 502 ἅπασαν.

253 532 303 571 ὣς
321 529 416 570 τότε
436 528 694 570 Πενθεσίλεια
710 528 824 579 γυνὴ,
846 527 1053 568 ἐπάελπτα
1071 530 1250 579 φανεῖσα,

254 598 376 651 ὁρμὴν
393 597 512 650 ψύξεν
527 599 712 649 Ἀχαιῶν,
733 596 882 643 ἔσβεσε
900 597 933 636 δ’
955 595 1079 636 ἔνδοθι
1097 596 1228 646 θυμόν.

253 669 407 718 στρῶσε
427 664 469 705 δὲ
486 666 566 704 πᾶν
582 663 717 704 πεδίον
735 666 890 715 νεκρῶν,
909 661 1087 716 μερόπων
1104 679 1151 703 τε
1170 663 1234 704 καὶ
1251 665 1388 704 ἵππων.

251 733 344 774 τοὺς
363 731 408 772 δέ
423 749 470 772 τε
489 732 557 783 νὺξ
577 730 729 772 ἐσάωσε
749 728 992 771 Ποσειδῶνός
1009 731 1046 770 τ’
1066 730 1260 783 ἐπαρωγή.

252 800 279 848 ἡ
297 798 340 840 δὲ
357 799 462 852 παρὰ
477 799 677 851 Τρώεσσιν
694 797 871 850 ἀφίκετο,
892 796 1028 850 χάρμα
1045 797 1198 847 κίουσα,

250 867 428 908 πολλοὺς
444 865 632 918 Ἀργείων
649 863 846 918 φορέουσα
863 865 928 905 καὶ
947 864 1063 905 ἔντεα
1080 868 1234 918 νεκρῶν.

305 936 355 975 ὣς
373 936 405 974 δ’
428 934 502 986 ἄρα
517 933 612 974 τοὺς
631 931 779 984 ἐδάῖξεν
798 933 862 973 ἐπὶ
879 932 1008 986 τρίσιν
1024 933 1147 983 ἥμασι
1165 932 1295 986 κούρη,

251 1001 362 1042 νυκτὶ
382 999 643 1051 σκυζομένους
659 999 752 1040 ποτὶ
769 999 1005 1052 ῥηγμίνεσσι
1022 998 1229 1048 θαλάσσης

252 1070 347 1110 ἀλλ’
368 1069 438 1109 ὅτε
455 1069 523 1121 νὺξ
541 1067 771 1109 σκοτόεσσα
786 1066 980 1120 τετάρτου
996 1068 1146 1118 ἤματος
1163 1067 1246 1116 ἦεν,

253 1136 341 1177 εὗδε
358 1137 391 1176 δ’
412 1137 470 1189 ἄρ’
493 1138 537 1176 ἐν
553 1135 782 1188 λεχέεσσιν,
803 1134 1062 1186 ἀγαλλομένη
1079 1135 1167 1187 περὶ
1186 1135 1305 1184 νίκης,

253 1203 556 1261 αὔριονιοῖομένη
573 1202 774 1255 Ἀργείους
791 1201 954 1253 πάμπαν
973 1202 1151 1243 ὀλέσσαι.

253 1272 300 1320 δὴ
318 1269 402 1311 τότ’
423 1271 498 1322 ἄρα
515 1269 673 1323 Πριάμῳ
691 1271 755 1311 καὶ
775 1272 876 1324 αὐτῇ
893 1269 1151 1323 Πενθεσιλείῃ
1192 1322 1195 1323 ⁷

243 1337 348 1390 ’Ἤρη
368 1339 515 1391 ὄνειρον
534 1337 650 1387 ἕηκεν
667 1337 839 1391 ἀτερπέα
857 1336 1105 1390 δακρυόεντα,
1163 1368 1167 1371 -

252 1406 404 1456 πότμον
424 1405 692 1456 ἐποσσόμενον
708 1405 936 1456 μεγαθύμου
953 1404 1242 1452 Πενθεσιλείης.

251 1476 340 1522 ἤτοι
357 1474 435 1527 γὰρ
454 1471 612 1525 Πριάμῳ
632 1472 742 1523 ζώειν
761 1471 972 1513 δοκέεσκεν
991 1472 1044 1512 ἔθ’
1054 1470 1221 1523 Ἕκτωρ,

254 1540 393 1594 κούρης
412 1541 445 1581 δ’
465 1540 567 1581 εἶδος
585 1539 682 1591 ἔχεν
699 1540 764 1580 καὶ
783 1538 924 1591 ἀρήϊος,
945 1541 996 1580 ὡς
1013 1537 1144 1591 πάρος,
1165 1538 1247 1586 ἦεν.

253 1611 369 1661 χαῖρε
388 1606 431 1648 δὲ
449 1609 506 1658 τῷ
525 1606 696 1660 Πρίαμος
715 1606 780 1647 καὶ
799 1606 936 1647 ἄλλων
954 1605 1067 1646 ἔθνεα
1083 1606 1230 1658 Τρώων.

253 1675 325 1716 τόν
344 1676 376 1717 δ’
396 1676 470 1728 ἄρα
489 1674 686 1723 Πηλείδης
705 1673 973 1714 καταέκτανεν
990 1675 1086 1721 ἥϋτε
1104 1672 1283 1724 πρόσθεν.

253 1740 509 1794 Πενθεσιλείῃ
529 1742 562 1782 δ’
582 1740 677 1782 αὖτε
697 1739 852 1781 ἐείσατο
869 1742 976 1781 τοῖος
995 1740 1152 1793 ὄνειρος·

252 1809 402 1863 μητέρα
419 1812 492 1858 τῆς
511 1808 722 1850 δοκέεσκεν
739 1809 844 1862 ὂρᾷν,
865 1806 1090 1858 μεγάθυμον
1107 1808 1310 1860 Ὀτρήρην,

253 1878 372 1930 αἰζηῷ
388 1876 500 1929 μάλα
517 1878 627 1928 καλῷ
643 1876 762 1925 τήνδε
780 1878 960 1917 διδοῦσαν
979 1875 1150 1923 ἕπεσθαι,

254 1945 404 1998 νυμφίῳ
420 1944 588 1996 ἠῢκόμφ,
609 1943 753 1985 κάλλει
768 1944 1003 1997 χαρίτεσσιν
1020 1942 1148 1993 ὁμοίῳ.

253 2013 279 2062 ἦ
298 2014 330 2053 δ’
352 2011 564 2053 ἐθέλεσκεν
582 2010 757 2052 ἕπεσθαι·
783 2011 880 2063 ἀνὴρ
898 2009 944 2050 δέ
957 2007 1018 2050 τις
1036 2009 1170 2061 ἄγριος
1188 2010 1313 2050 ἄλλος

251 2082 377 2136 πίσσῃ
397 2080 613 2131 ἐειδόμενος
629 2079 780 2132 χροίην,
801 2081 924 2120 δείνος
941 2095 988 2119 τε
1004 2077 1130 2128 μέγας
1148 2094 1206 2126 τε,

253 2151 377 2203 κρᾶτα
394 2147 522 2202 φέρων
539 2147 691 2196 ἑκατὸν,
711 2145 975 2198 παγχάλκεον
994 2146 1118 2197 ἔγχος
1136 2146 1281 2198 ἀείρων,

250 2220 356 2269 ἵππῳ
374 2215 607 2269 ἐφεζόμενος
623 2214 892 2272 παναμείλιχα
910 2214 1131 2267 φυσιόωντι,

254 2285 422 2339 ἁρπάξας
439 2283 665 2338 προβέβηκε
683 2282 931 2338 βερεθριόωσι
946 2283 1162 2335 μέλαθροις.

252 2359 340 2397 τοῖα
357 2356 461 2396 τοῖσι
480 2351 584 2405 φάνη
605 2351 832 2405 ἐπινύκτερα
849 2351 1023 2404 φάσματ’
1044 2351 1206 2405 ὀνείρων.
