1644 2924
816 312 876 357 70

253 445 413 495 αἵματος
433 446 475 496 ἐξ
491 442 671 497 Ἀργείου
688 441 826 496 Τρώων
843 443 960 492 γαῖαν
981 441 1153 492 ἐρεύθων,

251 511 297 553 οὗ
317 511 435 554 κλέος
453 512 664 564 ἀνθρώποις
682 510 762 551 οὐδ’
783 509 1026 550 ὕστατίοισιν
1045 507 1206 554 ὀλεῖται,

251 579 384 632 νεκρὸς
403 580 467 620 ἐπὶ
484 578 625 631 Τροίην
643 578 703 618 ἐπ’
723 577 872 626 ἀπήνης
891 575 1060 633 ἔρχεται,
1083 575 1222 625 οἵμοι.”

305 649 355 690 ὣς
374 648 399 696 ἡ
416 646 490 699 μὲν
508 645 721 699 στενάχιζε
741 642 954 697 θεοπρόπος
973 641 1190 690 ἐκβοόωσα·

251 716 342 756 λαοὶ
362 716 394 756 δ’
413 717 452 756 οἴ
467 715 542 766 μὲν
561 715 718 761 ἔβαινον
737 713 796 754 ἐπ’
816 710 1028 765 ἀκροπόλει
1046 710 1133 763 περὶ
1151 709 1334 762 πύργους,

249 782 487 831 τλησίπονοί
502 798 550 822 τε
568 780 763 834 γέροντες,
783 781 915 832 γραῖαι
933 779 966 818 δ’
986 777 1070 818 αὖτ’
1092 777 1155 817 ἐπὶ
1171 779 1288 825 τοῖσι,

251 850 316 890 καὶ
335 851 468 903 κοῦραι
487 849 551 890 καὶ
571 847 726 900 νύμφαι,
746 845 973 896 παιδογόνοι
990 861 1037 885 τε
1055 846 1251 895 γυναῖκες·

252 917 358 958 ἄλλο
375 933 422 957 τε
439 919 591 965 πλῆθος
611 915 778 962 ἔβαινον,
800 912 1075 953 ἐπεστείνοντο
1093 911 1136 952 δὲ
1154 909 1308 963 πύργοι·

251 982 422 1036 μητράσι
441 984 474 1024 δ’
494 982 559 1034 ἅμ’
580 981 760 1028 ἀνέβαινε
781 979 962 1032 κατηφέα
981 979 1099 1027 νήπια
1115 978 1237 1019 τέκνα

253 1052 458 1113 ἀρτίποδος
476 1050 617 1098 βάσιος
634 1050 824 1102 τρομερὸν
841 1048 940 1099 γόνυ
959 1046 1173 1088 δινεύοντα·

254 1120 364 1160 ἄλλα
382 1120 415 1160 δ’
435 1119 526 1159 ὑπαὶ
543 1118 734 1170 μαζοῖσιν,
757 1117 920 1171 ἐμύρετο
939 1116 983 1158 δὲ
1003 1117 1067 1158 καὶ
1086 1118 1222 1157 ταῦτα.

253 1188 303 1228 ὡς
323 1189 361 1227 οἱ
374 1186 448 1238 μὲν
465 1187 552 1240 περὶ
570 1185 741 1239 πύργους
760 1188 897 1233 βαῖνον
915 1183 1208 1237 δακρυχέοντες.

253 1257 290 1295 οἷ
309 1255 341 1294 δ’
362 1255 482 1296 ἄλλοι
502 1253 667 1305 ἐχέοντο
685 1252 902 1294 πανιλαδδν
919 1253 990 1304 ἔξω
1007 1251 1178 1304 τείχους.

253 1322 318 1362 καὶ
337 1320 431 1362 τότε
450 1320 650 1374 Τρωϊάδων
667 1320 861 1368 βασιλήῒα
879 1322 989 1372 φῦλα
1006 1321 1201 1369 γυναικῶν

255 1389 349 1441 ἄμφ’
369 1388 543 1437 Ἑκάβην
561 1387 752 1440 ἀγέροντο
771 1387 835 1428 καὶ
855 1386 1018 1427 ἔστενον
1036 1386 1209 1426 ἄλλοθεν
1227 1385 1346 1434 ἄλλη.

253 1457 451 1508 Ἀγχίσου
467 1456 685 1506 Ἀγαμήδη,
706 1454 883 1506 ἀδελφεὴ
901 1452 1067 1501 Αἶνείαο,

254 1523 424 1575 Φρόντις,
445 1521 704 1574 Ἀβαρβαρέη,
725 1521 870 1568 Θεανὼ,
893 1518 1081 1560 Κλυτίοιό
1098 1520 1135 1559 τ’
1155 1519 1302 1559 ἄκοιτις

253 1591 419 1639 Λαοθόη,
441 1591 602 1639 Οἰνώνη,
625 1590 747 1630 ἄλλαι
765 1586 953 1641 Τρωϊάδες
970 1603 1028 1627 τε.

196 1683 206 1692 1
253 1659 398 1712 νύμφαι
416 1658 462 1700 τὲ
483 1657 680 1711 Πριάμοιο,
703 1655 881 1707 ἐῦγενέες
899 1656 986 1708 περὶ
1006 1653 1149 1696 πάσας·

255 1727 330 1768 σὺν
349 1728 381 1767 δ’
401 1725 542 1774 Ἑλένη
560 1723 811 1766 τανύπεπλος
832 1722 1029 1775 ἐφέσπετο
1049 1721 1331 1775 δακρυχέουσα,

255 1794 418 1847 τέτρασι
436 1794 511 1835 σὺν
527 1793 748 1841 τεκέεσσιν,
767 1789 1038 1843 Ἀλεξάνδροιο
1056 1790 1238 1842 γενέθλῃ,

255 1863 436 1913 Βουνίκῳ,
459 1859 607 1911 Κορίθῳ
624 1876 672 1900 τε
691 1860 756 1900 καὶ
773 1857 929 1910 Ἀγάνῳ
946 1857 1070 1908 Ἰδαίῳ
1087 1873 1145 1897 τε.

258 1929 496 1982 Κασσάνδρη
515 1929 548 1968 δ’
569 1926 742 1979 ἑκάτερθ’
765 1924 938 1974 Ἑκάβης
955 1925 1019 1965 καὶ
1037 1923 1244 1965 Λαοδίκεια

255 1995 373 2044 τήνδε
391 1994 748 2047 ποδοσφαλέουσαν
765 1986 1083 2045 ἆειρούσαι”κατὰ
1101 1989 1260 2041 κόσμον,

254 2064 324 2112 ἥδε
341 2062 414 2113 μὲν
433 2061 496 2103 οῗα
514 2060 626 2102 νέκυς
645 2059 744 2112 κάρη
761 2060 886 2110 ἥμυεν
905 2058 996 2100 ἔνθα
1013 2058 1078 2099 καὶ
1098 2058 1198 2098 ἔνθα.

254 2133 328 2180 τῆς
343 2131 376 2170 δ’
397 2129 492 2170 αὖτε
509 2126 767 2182 προπάροιθεν
786 2125 884 2167 υἱέες
905 2125 1043 2166 ἕνδεκα
1060 2128 1209 2172 βαῖνον·

256 2199 426 2239 Αἴσακος
443 2197 503 2245 ἠδ’
514 2194 694 2243 Ἕλενος,
717 2192 901 2244 Πάμμων,
923 2191 1053 2246 Πάρις,
1074 2193 1304 2245 ’Λντίφονός
1321 2210 1379 2243 τε,

257 2263 459 2306 Ἱππόθοος
476 2262 655 2314 Ἀγάθων
672 2278 731 2311 τε,
753 2260 928 2310 Πολίτης
947 2261 1150 2313 Δηΐφοβός
1169 2278 1227 2310 τε,

257 2333 331 2374 σὺν
349 2333 382 2372 δ’
401 2332 458 2385 ἆρ’
478 2329 624 2382 ἆγαυὸς
642 2329 812 2382 Τρωΐλος
831 2328 915 2369 αὖτ’
937 2329 999 2369 ἐπὶ
1018 2331 1146 2369 τοῖο-ιν
1166 2330 1295 2378 ἐπῆεν,

255 2402 293 2442 οἳ
311 2399 440 2454 φύγον
458 2398 642 2441 Αἰακίδαο
661 2397 764 2447 βίην,
787 2396 884 2448 ζῶον
901 2397 934 2436 δ’
954 2397 1047 2449 ἄχρι
1067 2397 1130 2437 καὶ
1149 2395 1255 2437 τότε.
