1644 2924
965 323 1027 365 54-

980 524 1015 561 9.

402 589 447 627 οὐ
466 587 590 640 φιλέω
607 588 736 639 μέγαν
755 589 994 640 στρατηγὸν,
1016 587 1105 629 οὐδὲ
1125 586 1468 638 διαπεπλιγμένον,

401 654 491 696 οὐδὲ
509 657 771 709 βοστρύχοισι
789 659 946 710 γαῦρον,
969 656 1047 696 οὐδ’
1067 654 1360 708 ὑπεξυρημένον,

402 723 511 765 ἀλλά
528 741 593 775 μοι
610 723 745 778 μικρός
762 741 822 765 τις
842 725 913 772 εἴη,
935 724 999 764 καὶ
1017 724 1104 776 περὶ
1124 722 1271 773 κνήμας
1290 723 1384 763 ἷδειν

402 794 548 846 ῥαιβὸς,
569 792 780 846 ἀσφαλέως
799 795 982 842 βεβηκὼς
999 793 1134 841 ποσσὶ,
1155 793 1311 844 καρδίης
1329 791 1470 832 πλέως.

404 862 420 913 <
425 891 769 901 ......
828 859 1113 910 κᾶπινοήμασιν
1132 859 1285 910 δασύς.)

969 999 1029 1036 10.

510 1066 557 1104 οὔ
572 1081 638 1114 μοι
655 1065 707 1105 τὰ
726 1065 859 1115 Γύγεω
877 1066 949 1104 τοῦ
965 1062 1224 1114 πολυχρύσου
1240 1061 1366 1112 μέλει,

508 1133 587 1172 οὐδ’
608 1131 695 1173 εἷλέ
710 1149 770 1173 πω
787 1148 838 1182 με
858 1131 992 1183 ζῆλος,
1014 1131 1093 1172 οὐδ’
1114 1131 1300 1181 ἀγαίομαι

510 1203 606 1241 θεῶν
626 1201 732 1253 ἔργα,
752 1198 934 1251 μεγάλης
954 1200 986 1239 δ’
1006 1200 1077 1240 οὐκ
1098 1200 1169 1252 ἐρῶ
1187 1198 1420 1251 τυραννίδος.

509 1268 728 1321 ἀπόπροθεν
746 1266 823 1319 γάρ
843 1270 953 1308 ἐστιν
971 1267 1185 1317 ὀφθαλμῶν
1205 1267 1316 1316 ἐμῶν.

971 1404 1029 1441 ll.

509 1472 614 1510 τοῖος
634 1470 864 1522 ἀνθρώποισι
883 1469 1009 1519 θυμὸς,
1033 1470 1185 1510 Γλαῦκε
1202 1466 1401 1512 Λεπτίνεω
1419 1466 1500 1515 πάϊ,

510 1537 663 1588 γίνεται
682 1539 846 1585 θνητοῖς,
868 1535 1002 1584 ὁκοίην
1020 1536 1113 1577 Ζεὺς
1133 1536 1194 1587 ἐφ’
1214 1533 1360 1587 ἡμέρην
1378 1536 1477 1585 ἄγει.

970 1674 1028 1710 12.

511 1740 574 1780 καὶ
594 1741 779 1791 φρονεῦσι
797 1739 883 1786 τοῖ,
905 1738 1045 1779 ὁκοίοις
1065 1737 1301 1790 ἐγκυρέωσιν
1320 1738 1497 1790 ἔργμασι.

971 1875 1030 1913 13.

458 1941 606 1992 Γλαΰχ’
624 1941 703 1993 ὅρα,
725 1940 846 1986 βαθὺς
865 1941 942 1992 γὰρ
961 1942 1034 1989 ἤδη
1055 1940 1222 1991 κύμασιν
1239 1939 1482 1993 ταράσσεται

455 2008 608 2057 πόντος,
631 2008 729 2060 ἀμφὶ
750 2009 781 2048 δ’
802 2008 901 2060 ἄκρα
919 2010 1060 2059 γυρεὸν
1078 2008 1188 2060 ὀρθὸν
1206 2008 1366 2047 ἵσταται
1385 2007 1512 2059 νέφος,

457 2079 564 2126 σῆμα
582 2079 786 2127 χειμῶνος·
815 2075 968 2126 κιχάνει
988 2076 1020 2114 δ’
1042 2078 1082 2126 ἐξ
1101 2076 1293 2123 ἄελπτίης
1311 2075 1448 2126 φόβος.

968 2212 1026 2249 14.

457 2277 561 2328 θυμὲ,
585 2277 668 2327 θύμ’
689 2274 927 2328 ἀμηχάνοισι
947 2277 1106 2324 κήδεσιν
1125 2278 1332 2327 κυκώμενε,

456 2345 589 2396 ἄνεχε,
612 2343 831 2394 δυσμενέων
849 2344 881 2385 δ’
902 2343 1043 2395 ἆλέξευ
1061 2346 1301 2396 προσβαλὼν
1321 2344 1495 2384 ἐναντίον

456 2411 629 2463 στέρνον,
653 2414 694 2451 ἐν
714 2414 885 2452 δοκοῖσιν
904 2414 1053 2463 ἐχθρῶν
1071 2411 1243 2459 πλησίον
1262 2411 1521 2452 κατασταθεὶς
