1644 2924
883 318 941 360 10

891 449 927 486 2.

316 513 423 565 ἠρέμ’
445 513 539 566 ὑπὲρ
557 515 723 564 τύμβοιο
743 513 970 565 Σοφοκλέος
987 516 1122 567 ἠρέμα,
1142 513 1269 561 κισσὲ,

370 579 556 632 ἑρπύζοις,
576 581 769 632 χλοεροὺς
788 581 1013 634 ἐκπροχέων
1029 581 1267 632 πλοκάμους,

316 650 380 689 καὶ
399 651 575 689 πεταλὸν
591 647 720 698 πάντη
739 647 880 690 θάλλοι
897 649 1021 702 ῥόδον,
1043 650 1068 690 ἅ
1085 666 1131 690 τε
1151 649 1342 702 φιλοῤῥὼξ

369 717 555 766 ἄμπελος,
577 717 676 768 ὑγρὰ
693 716 800 770 πέριξ
818 717 1004 768 κλήματα
1021 717 1231 770 χευαμένα,

317 787 464 826 εἵνεκεν
483 784 664 835 εὐμαθίας
681 787 971 839 πινυτόφρονος,
993 787 1043 828 ἂν
1060 789 1082 827 ὁ
1099 786 1290 837 μελιχρὸς

370 855 557 902 ἤσκησεν,
579 857 732 894 Μωσῶν
751 854 904 905 ἄμμιγα
922 855 986 895 καὶ
1005 854 1192 906 Χαρίτων.

637 1098 934 1135 ΠΥΘΑΓΟΡΑΣ
963 1097 1171 1136 ΣΑΜΙΟΣ.

760 1184 792 1222 l.
823 1183 956 1234 χρυσᾶ
975 1181 1060 1230 ἔπη.

531 1255 654 1308 (κατά
667 1272 786 1306 τινας,
806 1257 972 1298 Λύσιδος
989 1255 1255 1309 Ταρεντίνου.)

315 1329 529 1372 ἀθανάτους
545 1332 619 1381 μὲν
635 1335 771 1384 πρῶτα
789 1331 909 1380 θεοὺς,
930 1330 1034 1382 νόμῳ
1052 1332 1103 1372 ὣς
1121 1328 1341 1377 διάκεινται,

313 1397 421 1448 τίμα·
448 1398 513 1438 καὶ
532 1397 656 1445 σέβου
675 1398 799 1450 ὅρκον,
822 1397 939 1438 ἔπειθ’
959 1398 1084 1451 ἥρωας
1102 1396 1282 1448 ἀγαυούς.

313 1465 406 1507 τούς
423 1482 470 1506 τε
489 1465 772 1518 καταχθονίους
790 1465 890 1513 σέβε
909 1466 1103 1516 δαίμονας,
1125 1464 1268 1515 ἔννομα
1285 1462 1420 1516 ρέζων’

313 1533 406 1574 τούς
422 1549 469 1573 τε
487 1535 619 1584 γονεῖς
635 1532 741 1584 τίμα,
761 1532 854 1574 τούς
870 1534 907 1573 τ’
927 1533 1092 1585 ἅγχιστ’
1113 1534 1380 1583 ἐκγεγαῶτας·

313 1603 393 1640 τῶν
411 1600 443 1640 δ’
463 1600 599 1640 ἄλλων
617 1599 737 1654 ἀρετῇ
753 1601 1002 1652 ποιεῦχφίλον
1020 1599 1063 1640 ὅς
1079 1615 1140 1640 τις
1160 1598 1328 1650 ἄριστος.

313 1666 454 1720 πρᾳέσι
472 1667 504 1707 δ’
525 1666 605 1707 εἷκε
623 1665 945 1718 λόγοιςῑέργοισί
961 1666 998 1706 τ’
1020 1666 1312 1718 ἑπωφελίμοισι.

313 1735 402 1784 μηδ’
422 1734 579 1786 ἔχθαιρε
598 1735 719 1786 φίλον
738 1734 812 1774 σὺν
830 1731 1050 1786 ἁμαρτάδας
1069 1734 1200 1774 εἵνεκα
1216 1734 1366 1785 μικρῆς,

316 1802 418 1854 ὄφρα
434 1801 542 1854 δύνῃ·
569 1801 726 1852 δύναμις
743 1801 821 1854 γὰρ
840 1798 1016 1852 ἀνάγκης
1036 1799 1176 1851 ἐγγύθι
1194 1799 1302 1840 ναίει.

313 1871 440 1909 ταῦτα
456 1868 529 1920 μὲν
547 1869 669 1910 οὕτως
685 1869 780 1909 ἴσθι·
806 1870 965 1920 κρατεῖν
984 1868 1016 1908 δ’
1037 1866 1176 1918 εἷθίζεο
1190 1856 1328 1915 τῶνδε,

313 1937 488 1989 γαστρὸς
505 1935 579 1987 μὲν
595 1929 807 1989 πρώτιστα,
829 1935 894 1976 καὶ
914 1936 1044 1984 ὕπνου,
1065 1934 1254 1985 λαγνείης
1271 1949 1329 1982 τε,

315 2004 380 2044 καὶ
399 2006 529 2054 θυμοῦ.
557 2002 712 2056 πρήξεις
730 2003 763 2042 δ’
783 2001 951 2055 αἰσχρόν
968 2018 1077 2050 ποτε,
1097 2000 1199 2052 μήτε
1217 2001 1303 2051 μετ’
1324 2001 1463 2048 ἄλλου,

314 2071 406 2122 μήτ’
425 2071 516 2124 ἰδίῃ·
541 2070 699 2111 πάντων
716 2069 758 2110 δὲ
776 2068 939 2120 μάλιστ’
956 2068 1146 2120 αἷσχύνεο
1165 2067 1322 2109 σαυτόν.

318 2139 405 2180 εἶτα
422 2138 670 2187 δικαιοσύνην
688 2138 826 2178 ἆσκεῖν
844 2136 945 2189 ἔργῳ
963 2152 1010 2176 τε
1028 2135 1140 2186 λόγῳ
1157 2152 1215 2176 τε.

313 2208 403 2258 μηδ’
422 2206 647 2257 ἀλογίστως
665 2205 812 2246 σαυτὸν
831 2203 942 2256 ἔχειν
960 2203 1047 2255 περὶ
1065 2202 1188 2253 μηδὲν
1206 2202 1317 2254 ἔθιζε.

314 2275 424 2316 ἀλλὰ
441 2277 560 2326 γνῶθι
575 2273 650 2324 μὲν
667 2275 718 2314 ὡς
737 2269 886 2313 θανέειν
902 2269 1102 2323 πέπρωται
1120 2269 1254 2310 ἅπασι.

313 2342 501 2395 χρήματα
518 2342 551 2382 δ’
571 2341 723 2382 ἄλλοτε
739 2338 814 2391 μὲν
831 2340 999 2381 κτᾶσθαι
1017 2339 1137 2390 φίλει,
1160 2338 1302 2379 ἄλλοτ’
1323 2337 1502 2377 ὀλέσσαι.

316 2411 420 2451 ὅσσα
437 2426 484 2450 τε
499 2408 717 2462 δαιμονίῃσι
733 2407 876 2460 τύχαις
894 2407 1030 2459 βροτοὶ
1049 2407 1164 2458 ἄλγε’
1185 2406 1357 2459 ἔχουσιν,
