1644 2924
826 315 888 358 48

316 443 507 494 δέδμηντο
526 444 604 496 γὰρ
623 443 795 484 ἅπαντες
813 442 1040 495 Τυνδαρέοιο
1061 445 1104 483 ἐν
1123 443 1260 495 ὅρκοις,

313 513 464 554 Αὐλίδα
483 513 516 552 δ’
536 512 591 553 εἷς
610 511 766 561 ἔπλεον,
787 513 890 553 κακὰ
906 512 1053 564 Τρώεσι
1071 510 1320 561 μητιόωντες.

314 579 405 620 οὐδὲ
422 579 496 630 μὲν
515 581 596 620 οὐδ’
613 581 806 632 Ἀχιλῆος
825 579 1053 629 κυδαλίμοιο
1071 577 1256 627 λάθοντο,

313 646 530 699 ἆρτιγάμου
549 646 604 687 ἔτ’
625 646 758 688 ἔοντος
778 648 845 696 ἑῆς
864 646 1020 698 ἀλόχου
1036 644 1278 696 μεγάροισιν,

317 717 358 756 ἐς
375 714 536 767 Σκύρον,
558 713 753 755 Δολόπων
773 717 906 762 νῆσον,
926 713 1175 764 Λυκομήδεος
1194 713 1310 753 ἄστυ·

318 783 460 822 οὕνεκα
476 781 710 833 μυθεύονται
728 780 906 823 πέπλους
923 780 1184 834 θηλυτεράων.

315 849 408 890 ἀλλ’
429 849 486 902 ἄρ’
505 848 715 898 Ὀδυσσέα,
736 850 930 900 Νέστορα,
951 848 1017 888 καὶ
1036 847 1279 898 Παλαμήδεα
1297 850 1380 888 δῖον

316 919 356 958 ἐς
374 919 530 965 Πηλῆα,
552 915 670 957 Θέτιν
686 932 746 965 τε,
767 915 831 956 καὶ
852 917 893 957 ἐς
910 915 1086 967 Χείρωνα
1104 914 1290 966 ἔπεμπον,

316 984 360 1025 ὃς
378 983 499 1036 σοφίῃ
521 983 715 1024 ἐκέκαστο
734 982 799 1023 καὶ
819 984 863 1023 ἐν
879 981 1097 1034 μερόπεσσι
1116 984 1266 1023 θεοῦτο.

315 1052 359 1092 ὃς
379 1052 443 1092 καὶ
461 1052 683 1103 Ἀχιλλῆος
699 1051 820 1104 μόρον
835 1048 863 1105 ᾗ
882 1049 1060 1103 ὲκέφραζ
1057 1067 1076 1090 ε
1096 1049 1270 1102 θυγατρί.

317 1119 364 1159 ὒν
379 1119 475 1159 τότε
494 1118 728 1170 λισσόμενοι
745 1118 855 1160 οῧτοι
871 1118 1071 1171 πρέσβηες
1090 1117 1230 1168 ἀγαυοὶ

314 1188 388 1239 κῆρ
405 1187 597 1238 Ἀχιλῆος
615 1186 758 1238 ἄγουσι
775 1188 855 1239 παῤ
870 1186 1086 1239 Ἀτρείδαις
1103 1185 1168 1226 καὶ
1185 1186 1374 1238 Ἀχαιοῖς,

313 1253 563 1302 πεντήκοντα
580 1253 670 1296 νέας
689 1254 763 1295 σὺν
782 1253 1072 1306 Μυρμιδόνεσσι
1090 1255 1312 1306 φορεῦντες,

313 1321 563 1369 πεντήκοντα
581 1323 614 1361 δ’
632 1321 791 1368 ἔβαινον
810 1321 870 1361 ἐπ’
890 1321 1027 1372 ἄνδρες
1046 1321 1115 1369 νηῒ
1128 1318 1294 1372 ἑκάστῃ·

313 1388 391 1440 πὰρ
410 1387 456 1428 δέ
471 1403 523 1439 γε
542 1387 774 1441 Πάτροκλος
792 1386 868 1436 ἧειῐ
880 1385 1157 1439 Ἀμυντορίδης
1174 1402 1222 1426 τε
1240 1388 1263 1426 ὁ
1281 1387 1422 1437 Φοῖνιξ·

314 1457 403 1504 ἥτοι
422 1458 444 1495 ὁ
462 1457 576 1504 λαοῦ,
596 1455 619 1495 δ
637 1456 670 1495 δ’
691 1454 778 1495 αὖτ’
795 1455 989 1506 Ἀχιλῆος
1005 1453 1112 1504 μύθῳ
1131 1451 1326 1494 ἀνάσσων.

312 1523 406 1564 τοὺς
425 1521 468 1564 δὲ
485 1522 636 1563 ἰδόντες
653 1521 800 1572 γήθεον
815 1521 987 1573 Ἀργεῖοι
1005 1520 1238 1572 Παναχαιοὶ,

312 1590 544 1642 τερπόμενοι
561 1592 696 1630 λαοῖσι
715 1589 780 1630 καὶ
799 1588 969 1639 ἡγεμόσι
983 1587 1190 1636 πινύτοισι,

314 1656 464 1698 κάλλεΐ
477 1657 543 1698 καὶ
562 1656 692 1708 ἔργοις
707 1672 754 1697 τε
773 1655 1044 1708 ἀελλοδρόμου
1059 1656 1266 1707 Ἀχιλῆος·

315 1725 445 1777 ἔργοις
461 1725 540 1777 γὰρ
559 1724 624 1765 καὶ
642 1722 791 1764 κάλλεΐ
803 1723 930 1764 ποσσί
947 1724 980 1764 θ’
1000 1722 1185 1775 ὑπείρεχε
1202 1721 1371 1763 πάντων.

315 1793 437 1845 αὐτὰρ
456 1792 542 1832 ἐπεὶ
560 1791 781 1844 Παναχαιοὶ
801 1792 841 1833 ἐς
858 1791 1010 1831 Αὐλίδα
1027 1790 1276 1843 ἠγερέθοντο,

252 1872 254 1874 ’
315 1859 453 1900 ναυσὶν
471 1860 514 1900 ἐν
532 1858 760 1909 ὀγδώκοντα
778 1858 842 1898 καὶ
860 1857 901 1909 ἓξ
920 1858 1071 1910 χιλίαις
1089 1855 1234 1898 ἑκατόν
1250 1872 1310 1905 τε,

315 1929 527 1978 χειμερίοις
545 1925 722 1976 ἀνέμοισι
739 1926 951 1978 παραυτόθι
971 1925 1180 1977 εἶρύκοντο.

312 1995 378 2035 καὶ
397 1993 483 2034 τότ’
506 1995 546 2035 ἐς
559 1993 706 2045 Ἀργος
724 1993 943 2034 Ὀδυσσεὺς
961 1993 1105 2044 δώρασι
1124 1991 1478 2043 Κλυταιμνήστρας

316 2066 441 2105 ἐλθὼν
461 2063 695 2116 ἐξαπάτησε,
717 2064 781 2104 καὶ
799 2064 956 2114 ἤγαγεν
971 2060 1217 2114 Ἰφιγένειαν,

313 2132 510 2185 Ἀρτέμιδι
530 2132 668 2180 θύσων,
690 2131 856 2182 μαντείᾳ
873 2129 1123 2181 Θεστορίδαο.

315 2203 365 2242 ὥς
384 2199 428 2241 δέ
443 2217 510 2251 μιν
529 2199 608 2240 εἶδε
625 2200 754 2251 πατὴρ
771 2194 1027 2248 Ἀγαμέμνων
1045 2195 1190 2248 δάκρυα
1207 2199 1316 2248 χεῦε,

325 2269 390 2309 καὶ
407 2267 493 2308 τότ’
513 2267 579 2307 ἀπ’
600 2264 846 2307 ἐκσπεδίτοιο
867 2266 1105 2315 ἐφημίξαντο
1124 2263 1287 2313 ἄνακτα,

315 2337 457 2376 οὕνεκα
474 2333 625 2383 ταύτην
645 2333 701 2374 εῖο
721 2332 897 2384 θύγατρα
916 2330 1048 2382 ἔρεζον
1065 2331 1234 2383 Ἀχαιοί.

314 2404 391 2452 τὴν
410 2402 558 2453 ἔλαφος
576 2399 786 2453 ῥύσασκεν·
815 2398 933 2448 ἔθηκέ
949 2415 995 2439 τε
1014 2399 1123 2451 χώρῃ
1145 2398 1272 2451 ἐκείνῃ
