1644 2924
831 319 893 362 32

316 446 477 501 ἀνδράσι
496 446 783 498 τικτομένοισιν
802 447 1068 500 ἐπισχήσουσι
1086 449 1281 498 γυναῖκες·

316 516 415 564 αὐτὴ
434 516 467 555 δ’
487 515 684 556 Εἰλείθυια
700 516 915 566 γενήσεται
934 515 960 564 ἥ
978 531 1044 566 μιν
1062 514 1230 567 ἔτευξεν·

314 581 492 634 γαστέρα
511 581 554 623 δὲ
572 582 802 631 πλήθουσαν
819 582 1065 623 ἆνακλίνασα
1082 582 1224 631 βοήσει

313 652 409 699 μαῖα
425 649 718 691 πολυκλαύτοιο
736 648 858 691 τόκου
875 650 1138 702 πτολίπορθος
1154 650 1310 700 Ἀθήνη.

313 716 377 758 καὶ
398 716 446 765 δὴ
464 716 683 770 πορφύρεον
699 716 772 768 μὲν
792 716 998 758 ἑλίσσεται
1018 716 1142 758 ἔνδοθι
1159 716 1318 770 πύργων

313 785 476 835 αἵματος
495 783 714 836 ἐκχυμένου
731 783 910 835 πέλαγος
929 785 994 826 καὶ
1013 787 1116 836 κῦμα
1133 783 1280 836 φόνοιο.

313 849 440 902 δεσμά
456 868 504 892 τε
523 850 755 902 συμπαθέων
772 851 965 893 πλέκεται
982 852 1070 904 περὶ
1088 852 1206 904 χερσὶ
1224 855 1418 903 γυναικῶν

311 919 470 972 νυμφία·
498 919 668 971 φωλεύει
689 919 723 959 δ’
742 919 817 959 ὑπὸ
837 919 996 972 δούρασι
1014 919 1248 971 κευθόμενον
1264 923 1351 973 πῦρ.

313 987 344 1037 ᾤ
361 1003 426 1036 μοι
447 989 548 1037 ἐμῶν
568 986 709 1039 ἀχέων,
731 987 763 1039 ᾦ
779 1003 845 1038 μοι
864 986 946 1036 σέο,
966 986 1131 1041 πάτριον
1147 988 1263 1029 ἄστυ·

313 1054 454 1098 αὐτίκα
470 1070 536 1105 μοι
555 1055 686 1103 λεπτὴ
705 1053 810 1096 κόνις
828 1054 978 1096 ἔσσεαι·
1006 1057 1160 1108 οἴχεται
1180 1055 1296 1108 ἔργον

312 1122 524 1172 ἀθανάτων,
545 1121 794 1176 προθέλυμνα
812 1122 990 1173 θεμείλια
1006 1123 1289 1174 Λαομέδοντος·

311 1189 375 1229 καὶ
396 1188 445 1230 σὲ
462 1188 588 1242 πάτερ
607 1190 671 1230 καὶ
689 1192 815 1243 μῆτερ
834 1190 1027 1243 ὀδύρομαι,
1048 1188 1110 1231 οἷά
1127 1206 1193 1241 μοι
1210 1191 1287 1239 ἤδη

310 1255 526 1309 ἀμφότεροι
541 1255 744 1298 πείσεσθε·
772 1256 823 1298 σὺ
840 1256 924 1307 μὲν,
945 1255 1080 1310 πάτερ,
1102 1257 1238 1310 οἰκτρὰ
1256 1258 1458 1307 δεδουπῶς,

312 1325 462 1364 κείσεαι
482 1323 667 1376 Ἐρκείοιο
687 1324 780 1366 Διὸς
796 1322 979 1375 μεγάλου
996 1325 1100 1378 παρὰ
1116 1325 1249 1377 βωμῷ·

308 1394 433 1444 μῆτερ
452 1390 736 1445 ἆριστοτόκεια,
759 1391 805 1433 σὲ
825 1391 869 1432 δὲ
886 1391 1055 1446 βροτέης
1072 1391 1149 1432 ἀπὸ
1165 1394 1319 1445 μορφῆς

308 1459 544 1509 λυσσαλέην
563 1460 626 1500 ἐπὶ
643 1461 756 1501 παισὶ
776 1460 855 1501 θεοὶ
874 1459 972 1500 κύνα
988 1459 1230 1509 ποιήσουσιν.

308 1529 372 1567 δῖα
389 1528 618 1578 Πολυξείνη,
641 1526 688 1567 σὲ
709 1526 751 1576 δὲ
769 1525 952 1580 πατρίδος
973 1526 1113 1579 ἐγγύθι
1131 1528 1250 1578 γαίης
1319 1531 1332 1535 ”

308 1594 545 1646 κεκλιμένην
563 1595 704 1646 ὀλίγον
722 1595 974 1649 δακρύσομαι·
1002 1597 1053 1637 ὥς
1073 1595 1221 1648 ὄφελέν
1238 1612 1299 1638 τις

306 1661 494 1715 Ἀργείων
514 1662 576 1703 ἐπὶ
596 1665 703 1704 σοῖσι
721 1661 830 1714 γόοις
849 1661 989 1704 ὀλέσαι
1006 1662 1058 1714 μὲ
1076 1663 1141 1704 καὶ
1161 1663 1294 1712 αὐτήν.

305 1732 368 1771 τίς
385 1729 464 1784 γάρ
479 1747 545 1782 μοι
562 1732 683 1784 χρειὼ
701 1729 838 1778 βιότου
856 1730 992 1780 πλέον,
1015 1731 1054 1770 εἴ
1064 1747 1115 1782 με
1136 1729 1337 1783 φυλάσσει

306 1797 537 1851 οἷκτροτέρῳ
557 1797 720 1850 θανάτῳ,
741 1799 847 1850 ξείνη
867 1797 913 1838 δέ
926 1814 978 1849 με
995 1800 1092 1849 γαΐα
1109 1797 1294 1851 καλύψεις

307 1864 429 1905 τοιάδ’
450 1867 533 1916 ἐμοὶ
554 1865 741 1907 δέσποινα
759 1866 824 1906 καὶ
843 1866 949 1917 αὐτῷ
967 1868 1068 1918 δῶρα
1085 1865 1225 1906 ἄνακτι

306 1933 395 1973 ἀντὶ
413 1932 545 1975 τόσων
563 1932 748 1985 καμάτων
765 1932 1027 1985 Ἀγαμέμνονι
1044 1931 1197 1983 πότμον
1215 1930 1376 1980 ὑφαίνει.

307 2001 401 2040 ἀλλ’
419 2003 495 2050 ἤδη
514 2001 721 2054 φράζεσθε,
742 2000 795 2042 τά
811 2018 859 2042 τε
877 2002 1081 2053 γνώσεσθε
1098 1998 1300 2048 παθόντες,

305 2068 370 2108 καὶ
390 2068 565 2121 νεφέλην
583 2068 787 2118 ἀπόθεσθε,
810 2069 932 2120 φίλοι,
953 2068 1224 2120 βλαψίφρονος
1243 2068 1351 2116 ἄτης.

304 2134 512 2188 ῥηγνύσθω
529 2135 747 2176 πελέκεσσι
766 2134 884 2186 δέμας
900 2133 1173 2187 πολυχανδέος
1189 2135 1321 2183 ἵππου,

306 2204 333 2252 ἢ
353 2203 441 2255 πυρὶ
461 2202 641 2243 καιέσθω·
670 2203 862 2244 δολόεντα
880 2202 924 2243 δὲ
943 2203 1107 2253 σώματα
1125 2201 1272 2243 κεύθων

298 2269 499 2319 ὀλλύσθω,
518 2269 679 2321 μεγάλη
699 2269 742 2310 δὲ
760 2270 860 2318 ποθὴ
879 2271 1070 2311 Δαναοῖσι
1087 2269 1274 2321 γενέσθω.

302 2339 377 2380 καῖ
387 2338 483 2380 τότε
499 2355 564 2389 μοι
583 2339 763 2380 δαίνυσθε
782 2338 846 2379 καὶ
867 2340 906 2380 ἐς
923 2339 1047 2391 χορὸν
1065 2336 1285 2391 ὀτρύνεσθε,

299 2405 546 2458 στησάμενοι
564 2409 756 2459 κρητῆρας
776 2407 996 2460 ἐλευθερίης
1015 2407 1252 2459 ἐρατεινῆς.”
