1644 2924
848 280 910 323 44

333 411 412 460 νηῷ
432 411 474 450 ἐν
493 411 650 460 ἠγαθεῷ
668 408 965 461 φαεσιμβρότου
980 409 1163 458 Ἠελίοιο,

334 477 378 520 ὃς
387 479 613 530 χρησμοῖσι
631 474 727 516 τάδε
745 475 950 528 προέειπεν
966 476 1192 529 μαντοσύνῃ
1212 490 1273 518 τε·

336 547 361 566 “
379 543 539 596 φράζεο,
559 543 698 596 Τρώων
717 543 881 596 ὄρχαμε,
900 545 1048 591 Φοίβου
1063 543 1186 594 μύθον
1206 546 1328 595 ἐμοῖο·

333 612 554 664 ἆρτιτόκοιο
572 613 825 663 λοχεύματος
845 614 890 653 ἐκ
910 611 1086 665 Πάριδος,
1107 611 1178 652 σέο
1197 612 1345 660 παιδὸς,

332 680 436 721 ἄστυ
453 679 546 720 τόδε
563 682 701 731 Τροίης
717 679 972 731 πολύμοχθος
983 679 1106 731 Ἀρης
1126 679 1319 732 ἐκπέρσει,

334 749 374 787 εἴ
388 763 458 788 κεν
475 750 498 788 ὁ
515 750 606 788 παῖς
623 748 877 794 λυκαβάντας
896 746 1104 800 ὑπερθορέῃ
1122 745 1371 799 τριάκοντα.”

333 815 456 868 αὐτὰρ
476 815 561 855 ἐπεὶ
579 814 669 866 τόγ’
689 816 834 856 ἄκουσε
853 814 923 864 βίη
942 813 1116 867 Πριάμου
1133 817 1341 863 βασιλῆος,

334 881 472 922 ἔκθετο
490 881 564 932 μὲν
581 882 653 922 τὸν
670 884 793 922 παῖδα
809 882 898 934 παρ’
918 882 1052 934 ἀγροῖς
1070 881 1150 922 οῖσι
1165 881 1392 934 τρέφεσθαι,

334 948 494 999 δείματο
514 950 547 990 δ’
567 949 617 990 αὖ
636 948 792 1001 Πάριον,
810 951 906 1002 τιμῇ
923 948 1066 1002 Πάριος
1084 948 1127 990 ἕο
1143 949 1290 990 παιδός.

335 1019 446 1057 κεῖσε
465 1015 508 1058 δὲ
526 1019 618 1058 παῖς
636 1016 846 1066 ἀτίταλλε,
867 1016 1146 1067 διδασκόμενος
1162 1017 1249 1068 περὶ
1267 1015 1436 1064 πάντων,

337 1085 442 1124 ὅσσα
459 1084 593 1135 γόνοις
612 1083 790 1125 ἐπέοικεν
809 1083 1001 1135 ἐῦγενέων
1018 1084 1234 1132 βασιλήων.

335 1151 463 1204 ῥήτωρ
482 1151 514 1191 δ’
535 1150 585 1191 αὖ
602 1152 760 1202 γεγαὼς
778 1149 1072 1203 συγγράμματα
1089 1150 1269 1203 γράψατο
1287 1151 1434 1198 πολλὰ,

339 1219 398 1259 εἶν
417 1219 475 1260 ἑνὶ
493 1219 526 1259 δ’
546 1218 642 1259 αὖτε
662 1219 755 1260 θεὸν
773 1221 987 1269 ἐπιθυμίην,
1006 1219 1253 1273 Ἀφροδίτην,

338 1285 488 1339 κρίνων,
510 1284 724 1327 Παλλάδος
741 1287 800 1335 ἠδ’
811 1285 938 1339 ’Ἥρης
955 1301 1006 1337 γε
1026 1286 1217 1339 ὑπέρτερα
1235 1289 1368 1327 δῶκεν.

340 1353 463 1406 αὐτὰρ
482 1354 567 1404 ἐμοὶ
587 1354 714 1394 δοκέει
729 1354 823 1394 τόδε
841 1355 962 1395 λώϊον
980 1354 1141 1404 ἔμμεναι
1159 1353 1277 1401 ἄλλο,

341 1422 392 1462 ὥς
409 1423 468 1473 ῥα,
490 1421 615 1473 σοφὸς
631 1420 793 1470 τελέων,
814 1421 902 1473 περὶ
921 1420 1072 1471 κόσμου
1087 1419 1216 1473 γράψε
1235 1420 1439 1471 γενέθλης,

344 1490 389 1529 ἐκ
407 1487 536 1530 Χάεος
552 1488 717 1542 Ἐρέβου
729 1505 777 1529 τε
796 1489 899 1530 ὅπως
915 1490 1119 1542 πρώτιστα
1135 1487 1309 1540 φάανθεν

345 1556 514 1604 Πηλεὺς,
534 1558 632 1606 γαΐα
649 1555 870 1609 φερέσβιος,
891 1555 962 1604 ἠδὲ
980 1555 1096 1598 Θέτις
1113 1570 1164 1607 γε
1184 1555 1378 1597 θάλασσα.

348 1624 391 1663 ἐν
409 1624 442 1662 δ’
452 1621 558 1674 Ἥρη
575 1622 787 1675 πυρόεσσα,
809 1623 874 1664 καὶ
893 1621 1004 1675 ἀέρος
1023 1622 1131 1675 εὖρος
1147 1623 1303 1672 Ἀθήνη.

348 1689 422 1730 σὺν
440 1690 472 1730 δ’
493 1689 567 1742 ἄρα
583 1691 656 1743 τῇς
675 1690 796 1739 ἐπέην
813 1690 940 1742 φιλίη,
959 1693 1090 1743 χρυσῆ
1109 1691 1333 1743 Ἀφροδίτη.

349 1759 475 1798 νεῖκος
493 1757 526 1797 δ’
546 1758 631 1798 αὔτ’
642 1757 751 1811 ’Έρις
769 1758 904 1799 ἔνθετο
921 1761 1062 1809 μῆλον,
1083 1758 1244 1808 κόσμον,
1266 1758 1419 1798 ἄεθλον.

349 1823 420 1865 τὰς
439 1825 472 1864 δ’
492 1825 566 1877 ἄρα
582 1825 661 1875 μὴν
678 1825 875 1874 νικήσασα
892 1824 1019 1876 φιλίη,
1037 1824 1261 1878 Ἀφροδίτη,

351 1893 484 1934 εἵλετο
503 1892 655 1944 κόσμον
671 1893 828 1935 ἅπαντα
845 1895 911 1935 καὶ
930 1894 1098 1945 ἔμπεδον
1117 1893 1240 1934 εἵσετι
1257 1894 1382 1945 ἴσχει·

349 1962 519 2002 τοῦνεκα
536 1960 781 2011 μυθεύσαντο
797 1961 950 2012 γάμους
969 1961 1034 2002 καὶ
1052 1961 1131 2014 ἔριν
1148 1959 1191 2001 δὲ
1210 1958 1342 2001 θεάων.

349 2029 440 2067 τοῖα
455 2026 531 2077 μὲν
548 2027 629 2068 υἱὸς
647 2028 713 2068 ὅδε
731 2027 906 2080 Πριάμου
924 2026 1053 2080 Παρίῳ
1070 2025 1267 2079 ῥέζεσκεν.

351 2096 474 2146 αὐτὰρ
492 2096 578 2136 ἐπεὶ
594 2095 805 2148 τριάκοντα
821 2095 1065 2148 παρέδραμον
1082 2096 1120 2135 οἱ
1136 2094 1385 2142 λυκαβάντες

353 2162 479 2203 αὐτίκ’
498 2163 571 2214 ἄρα
589 2162 759 2214 Πρίαμος
778 2163 842 2203 καὶ
860 2163 998 2214 Τρώων
1016 2162 1172 2202 ἄσπετα
1188 2164 1298 2214 φῦλα

354 2234 399 2272 ἐκ
418 2231 565 2283 Παρίου
582 2233 784 2284 μολπῇσιν
801 2232 961 2282 ἀγίνεον
980 2234 1020 2272 ἐς
1037 2232 1177 2284 Τροίην
1196 2234 1329 2284 Παρίν,

353 2300 528 2351 ἄφρονες,
550 2300 630 2340 οὐδ’
649 2298 818 2348 ἐνόησαν
837 2298 904 2340 ἔον
920 2298 1066 2352 φθόρον
1084 2299 1346 2350 ἐγκονέοντες.

355 2365 538 2410 autumnas
556 2367 627 2414 ἦεν
644 2367 747 2421 μεὶς,
763 2366 820 2406 ὅτ’
841 2365 999 2416 ἀγίνεον
1018 2366 1136 2407 αὐτὸν
1157 2368 1194 2407 ἐς
1215 2367 1328 2414 ἄστυ,
