1644 2924
810 278 873 320 54

252 405 472 457 νηχόμενόν
490 422 536 446 τε
555 405 748 458 Λέανδρον
767 408 864 456 ὁμοῦ
881 407 945 446 καὶ
964 405 1116 458 λύχνον
1135 405 1272 453 ἀκούω,

253 472 406 525 λύχνον
424 472 739 524 ἀπαγγέλλοντα
757 473 978 526 διαισνορίην
994 474 1237 526 Ἀφροδίτης,

253 544 388 595 Ἡροῦς
407 542 658 595 νυκτιγάμοιο
677 543 934 594 γαμοστόλον
952 544 1218 595 ἀγγελιώτην·

252 611 405 663 λύχνον
423 611 563 663 ἔρωτος
582 611 756 662 ἄγαλμα,
775 612 848 651 τὸν
865 613 1021 663 ὤφελεν
1040 610 1201 664 αἰθέριος
1220 610 1314 650 Ζεὺς

255 679 435 731 ἐννύχιον
452 679 538 729 μετ’
558 678 702 720 ἄεθλον
720 679 833 729 ἄγειν
853 680 892 720 ἐς
910 679 1098 731 ὁμήγυριν
1117 679 1281 731 ἄστρων,

257 747 322 787 καί
339 763 405 797 μιν
425 748 635 795 ἐπικλῆσαι
653 744 932 798 νυμφοστόλον
950 746 1095 798 ἄστρον
1115 747 1276 798 ἐρώτων,

254 815 340 854 ὅττι
356 814 455 855 πέλε
474 813 663 866 ξυνέριθος
684 811 908 866 ἐρωμανέων
926 811 1106 862 ὀδυνάων,

257 882 457 933 ἀγγελίην
473 882 510 922 τ’
532 881 727 933 ἐφύλαξεν
745 879 964 931 ἀκοιμήτων
983 881 1180 931 ὑμεναίων,

256 953 346 1004 πρὶν
363 952 547 1003 χαλεπὸν
564 952 744 1004 πνοιῇσιν
762 950 924 1000 ἀήμεναι
945 949 1086 1001 ἐχθρὸν
1104 949 1238 997 ἀήτην.

257 1019 350 1059 ἀλλ’
371 1020 445 1069 ἄγε
463 1034 528 1068 μοι
545 1016 739 1068 μέλποντι
755 1017 848 1067 μίαν
866 1014 1044 1057 συνάειδε
1060 1015 1255 1064 τελευτὴν

258 1086 411 1138 λύχνου
431 1084 707 1135 σβεννυμένοιο
725 1085 789 1126 καὶ
809 1082 1042 1134 ὀλλυμένοιο
1059 1081 1265 1135 Λεάνδρου.

313 1153 467 1201 Σηστὸς
486 1152 554 1201 ἔην
573 1153 638 1193 καὶ
650 1151 822 1199 ’Ἄβυδος
842 1150 1031 1192 ἐναντίον·
1061 1149 1200 1202 ἐγγύθι
1217 1149 1362 1191 πόντου

259 1221 437 1273 γείτονές
457 1221 532 1262 εἶσι
550 1222 712 1271 πόληες·
733 1221 856 1273 Ἔρως
875 1220 908 1260 δ’
927 1219 1000 1260 ἀνὰ
1017 1219 1114 1270 τόξα
1129 1218 1310 1260 τιταίνων

257 1288 480 1342 ἀμφοτέρῃς
498 1288 708 1342 πολίεσσιν
724 1287 796 1328 ἕνα
813 1285 996 1338 ξυνέηκεν
1016 1286 1162 1336 ὄῖστὸν,

255 1357 385 1404 ἠΐθεον
404 1357 552 1409 φλέξας
570 1357 635 1397 καὶ
653 1355 855 1409 παρθένον·
874 1356 1020 1405 οὔνομα
1037 1355 1068 1395 δ’
1090 1355 1229 1402 αὐτῶν,

261 1424 424 1476 ἱμερόεις
438 1441 484 1464 τε
502 1423 694 1475 Λέανδρος
712 1422 781 1471 ἔην
799 1423 863 1462 καὶ
881 1421 1068 1474 παρθένος
1085 1421 1197 1473 Ἠρώ.

261 1492 287 1539 ἡ
304 1491 378 1542 μὲν
395 1491 553 1540 Σηστὸν
573 1491 708 1539 ἔναιεν,
730 1493 752 1530 ὁ
771 1489 813 1530 δὲ
831 1489 1064 1541 πτολίεθρον
1080 1488 1260 1536 Ἀβύδου,

260 1557 489 1611 ἀμφοτέρων
506 1557 654 1598 πολίων
670 1556 930 1609 περικαλλέες
947 1555 1111 1609 ἀστέρες
1130 1555 1257 1607 ἄμφω,

261 1628 407 1667 εἴκελοι
425 1626 652 1675 ἀλλήλοισι.
682 1625 733 1666 σὺ
751 1626 784 1666 δ’
805 1626 936 1665 εἴποτε
955 1627 1052 1666 κεῖθι
1069 1623 1264 1676 περήσεις,

261 1693 365 1745 δίζεό
382 1710 448 1744 μοι
465 1693 554 1734 τινὰ
571 1692 732 1745 πύργον,
753 1693 828 1745 ὅπῃ
847 1692 947 1733 ποτὲ
965 1692 1138 1741 Σηστιάς
1155 1691 1256 1743 Ἦρὼ

258 1763 400 1802 ἵστατο
419 1762 572 1814 λύχνον
590 1761 752 1813 ἔχουσα,
774 1761 838 1801 καὶ
857 1760 1072 1812 ἡγεμόνευε
1090 1759 1283 1811 Λεάνδρῳ·

265 1829 367 1880 δίζεο
387 1830 419 1870 δ’
440 1828 605 1881 ἀρχαίης
625 1827 799 1880 ἆλιηχέα
816 1828 988 1879 πορθμὸν
1005 1827 1185 1875 Ἀβύδου,

265 1898 388 1939 εἰσέτι
405 1915 481 1938 που
499 1897 690 1938 κλαίοντα
705 1897 826 1950 μόρον
843 1897 907 1937 καὶ
928 1896 1051 1948 ἔρωτα
1066 1893 1271 1947 Λεάνδρου.

263 1966 372 2006 ἀλλὰ
389 1964 508 2006 πόθεν
524 1964 730 2016 Λείανδρος
746 1965 928 2011 Ἀβυδόθι
947 1964 1106 2013 δώματα
1123 1960 1238 2002 ναίων

265 2034 400 2084 Ἡροῦς
420 2034 459 2073 ἐς
476 2031 597 2072 πόθον
615 2031 725 2079 ἦλθε,
746 2029 852 2081 πόθῳ
871 2031 903 2070 δ’
925 2027 1086 2077 ἐνέδησε
1104 2029 1168 2068 καὶ
1188 2027 1325 2076 αὐτήνς
1366 2078 1369 2083 Ι

316 2101 416 2152 Ἥρὼ
433 2098 506 2150 μὲν
523 2099 722 2151 χαρίεσσα
739 2096 940 2150 διοτρεφὲς
959 2095 1053 2147 αἷμα
1071 2098 1269 2148 λαχοῦσα,
1367 2088 1378 2106 ”

266 2169 456 2221 Κύπριδος
473 2167 523 2216 ἧν
541 2167 670 2221 ἱέρεια·
688 2165 826 2218 γάμων
844 2167 876 2206 δ’
897 2166 1102 2207 ἀδίδακτος
1122 2167 1242 2205 ἐοῦσα

263 2238 414 2290 πύργον
433 2238 509 2277 ἀπὸ
526 2235 728 2289 προγόνων
746 2235 850 2288 παρὰ
867 2235 1016 2286 γείτονι
1035 2237 1119 2275 ναῖε
1138 2232 1334 2288 θαλάσσῃ,

263 2308 372 2356 ἄλλη
393 2305 536 2359 Κύπρις
555 2305 723 2347 ἄνασσα·
750 2303 999 2356 σαοφροσύνῃ
1019 2302 1061 2343 δὲ
1080 2303 1144 2343 καὶ
1165 2302 1267 2343 αι’δοῖ

255 2374 440 2416 ,οὐδέποτ’
461 2373 700 2427 ἀγρομένῃσι
715 2372 965 2423 μεθωμίλησε
983 2369 1166 2421 γυναιξίν,
