1644 2924
789 220 890 293 53!
1387 253 1407 256 “

229 381 344 429 μῆνιν
363 380 463 430 ἐμῶν
481 378 643 420 ἆπόειπε
659 377 936 420 πολυκτεάνων
953 378 1183 431 γενετήρων.
1339 375 1346 399 ἶ
1365 381 1381 424 s*
1407 382 1418 410 ἒ

235 445 425 499 Κύπριδος
443 447 491 487 οὔ
507 461 570 487 σοι
590 445 800 494 ἔοικεθεῆς
818 444 958 497 ἱέρειαν
975 443 1184 498 ἆφάσσειν·

231 515 462 565 παρθενικῆς
483 513 546 552 ἐπὶ
563 511 732 565 λέκτρον
749 510 955 564 ἀμήχανόν
973 514 1083 553 ἐστιν
1101 511 1289 552 ἱκέσθαι.”

285 582 374 620 τοῖα
390 579 463 631 μὲν
480 581 698 629 ἠπείλησεν
717 580 873 620 ἐοικότα
889 581 1174 633 παρθενικῇσιν.

233 647 392 695 θηλείης
410 646 453 687 δὲ
469 646 660 699 Λέανδρος
679 647 763 688 ἐπεὶ
781 648 902 688 κλύεν
920 647 1077 700 οἶστρον
1095 647 1271 695 ἀπειλῆς,

234 716 336 767 ἔγνω
354 715 588 766 πειθομένων
605 715 754 767 σημήῖα
770 714 1042 769 παρθενικάων.

237 785 322 837 (καὶ
339 785 417 837 γὰρ
436 784 493 824 ὅτ’
511 783 698 832 ἣῖθέοισιν
715 783 940 825 ἆπειλείωσι
957 787 1150 835 γυναῖκες,

237 851 451 904 Κυπριδίων
469 850 591 904 ὀάρων
610 849 855 902 αὐτάγγελοί
875 851 972 892 εἰσιν
990 851 1180 903 ἀπειλαί.)

235 920 467 970 παρθενικῆς
485 919 518 958 δ’
539 919 701 968 εὔοδμον
721 918 884 971 ἐΰχροον
902 917 1052 970 αὐχένα
1069 918 1203 967 κύσας,

237 987 346 1026 τοῖον
363 987 484 1035 μῦθον
502 984 618 1034 ἔειπε,
639 983 760 1025 πόθου
779 983 1052 1035 βεβολημένος
1069 986 1224 1038 οἴστρῳ·

292 1055 316 1074 “
338 1050 462 1103 Κύπρι
481 1051 580 1104 φίλη
598 1051 700 1102 μετὰ
719 1050 877 1104 Κύπριν,
897 1052 1081 1101 Ἀθηναίη
1098 1052 1184 1103 μετ’
1202 1051 1379 1100 Ἀθήνην,

238 1118 304 1171 (οὗ
322 1118 399 1170 γὰρ
420 1118 688 1170 ἐπιχθονίῃσιν
706 1119 799 1167 ἴσην
817 1114 947 1159 καλέω
965 1133 1014 1160 σε
1031 1116 1218 1170 γυναιξίν,

239 1184 349 1226 ἀλλά
367 1201 416 1226 σε
435 1185 696 1238 θυγατέρεσσι
713 1186 807 1228 Διὸς
826 1186 1039 1240 Κρονίωνος
1059 1186 1208 1237 ἐίσκω,)

239 1253 376 1300 ὄλβιος
395 1253 436 1295 ὅς
455 1253 493 1294 ‹r’
514 1253 718 1305 ἐφύτευσε,
739 1254 805 1294 καὶ
823 1253 943 1302 ὄλβίη
963 1253 988 1301 ἢ
1007 1253 1103 1294 πέκε
1121 1253 1264 1307 μήτηρ·

237 1320 406 1373 γαστὴρ,
426 1320 452 1369 ἥ
471 1321 508 1361 σ’
529 1319 735 1372 ἐλόχευσε,
755 1318 996 1374 μακαρτάτη.
1027 1320 1136 1361 ἀλλὰ
1153 1318 1300 1361 λιτάων

240 1387 438 1441 ἡμετέρων
457 1386 635 1437 ἐπάκουε,
655 1387 775 1429 πόθου
793 1389 826 1428 δ’
845 1389 1035 1439 οἵκτειρον
1051 1386 1239 1439 ἀνάγκην.

241 1455 431 1509 Κύπριδος
449 1458 499 1497 ὣς
518 1455 646 1509 ἱέρεια,
665 1454 858 1508 μετέρχεο
879 1454 1068 1508 Κύπριδος
1087 1455 1197 1508 ἔργα·

241 1524 340 1576 δεῦρ’
357 1524 420 1572 ἴθι,
439 1522 706 1574 μυστιπόλευε
723 1523 902 1574 γαμήλια
919 1523 1044 1573 θεσμὰ
1062 1522 1229 1570 θεαίνης·

239 1589 428 1644 παρθένον
445 1591 516 1631 οὐκ
536 1589 711 1631 ἐπέοικεν
729 1590 987 1644 ὑποδρήσσειν
1003 1589 1228 1642 Ἀφροδίτῃ·

239 1660 483 1710 παρθενικαῖς
502 1659 546 1698 οὐ
567 1656 712 1710 Κύπρις
731 1657 904 1698 ἰαίνεται.
934 1658 983 1705 ἢν
1002 1657 1033 1697 δ’
1055 1655 1248 1709 ἐθελήσῃς

243 1724 369 1775 θεσμὰ
388 1727 478 1774 θεῆς
497 1723 657 1778 ἐρόεντα
674 1724 739 1765 καὶ
759 1724 872 1777 ὄργια
889 1723 1012 1764 πιστὰ
1031 1726 1194 1772 δαῆναι,

243 1792 331 1833 ἔστι
348 1791 474 1843 γάμος
493 1793 557 1833 καὶ
576 1791 737 1845 λέκτρα·
767 1792 818 1833 σὺ
837 1792 869 1832 δ’
889 1792 923 1832 εἷ
941 1790 1090 1843 φιλέεις
1109 1791 1328 1845 Κυθέρειαν,

244 1859 449 1911 θελξινόων
467 1858 646 1911 ἆγάπαζε
663 1859 882 1914 μελίφρονα
900 1859 1044 1910 θεσμὸν
1063 1859 1225 1912 ἐρώτων·

243 1928 316 1968 σὸν
334 1928 366 1967 δ’
387 1925 521 1976 ἱκέτην
537 1944 587 1978 με
605 1927 750 1979 κόμιζε,
771 1929 846 1977 καὶ,
867 1929 916 1977 ἢν
936 1927 1083 1980 ἐθέλῃς,
1102 1925 1352 1980 παρακοίτην,

241 1996 314 2036 τόν
331 2010 395 2036 σοι
405 1995 529 2048 Ἔρως
546 1997 741 2048 ἥγρευσεν
759 1997 836 2037 ἑοῖς
853 1994 1044 2043 βελέεσσι
1063 1993 1240 2046 κιχήνας·

245 2066 295 2105 ὣς
314 2062 458 2116 θρασὺν
475 2063 676 2115 Ἡρακλῆα
694 2063 781 2104 θοὸς
798 2061 1058 2115 χρυσόῤῥαπις
1076 2062 1216 2114 Ἐρμῆς

247 2129 424 2179 θητεύειν
442 2129 619 2185 ἐκόμιζεν
635 2129 849 2181 ’Ῑαρδανίην
864 2129 956 2170 πότι
973 2129 1136 2181 νύμφην.

247 2198 310 2240 σοὶ
330 2196 376 2238 δέ
389 2213 439 2248 με
459 2196 603 2250 Κύπρις
621 2197 781 2248 ἔπεμπε,
803 2197 867 2237 καὶ
886 2198 931 2236 οὗ
950 2197 1073 2247 σοφὸς
1090 2197 1246 2247 ἤγαγεν
1263 2195 1414 2248 (Ερμῆς.

247 2265 433 2320 παρθένος
451 2266 496 2306 οὗ
515 2280 563 2305 σε
581 2264 753 2314 λέληθεν
772 2265 836 2304 ἀπ’
854 2263 1057 2317 Ἀρκαδίης
1067 2262 1311 2312 ,Ἀταλάντῃ

246 2336 272 2384 ἥ
290 2350 387 2375 ποτε
407 2332 669 2375 Μειλανίωνος
688 2331 955 2385 ἐρασσαμένου
971 2331 1099 2384 φύγεν
1118 2332 1242 2380 εὐνὴν,
