1644 2924
863 298 921 341 18

189 421 267 474 γὰρ
295 425 429 475 κριτὴς
455 427 601 466 παντὸς
630 427 757 466 καλοῦ
780 425 1010 478 πράγματος
1037 428 1173 479 ὄχλος.
1205 427 1335 479 διόπερ
1361 428 1413 468 ὧν
1441 429 1488 468 ἂν
1514 431 1592 468 τῶν

190 491 355 531 ἐπαίνων
373 494 631 545 καταφρονῇς,
652 486 814 534 nasu-&v
831 492 967 546 ψόγων
985 493 1231 547 καταφρόνει.

857 630 922 671 47.

241 693 279 732 οἷ
298 693 353 744 μὴ
372 693 610 745 κολάζοντες
628 695 721 736 τοὺς
745 695 888 738 κακοὺς
905 696 1121 743 βούλονται
1140 698 1354 738 ἀδικεῖσθαι
1378 697 1472 738 τοὺς
1489 697 1588 748 ἄγα-

188 759 288 801 θοός.

857 832 922 869 48.

241 893 334 935 θέλε
366 896 526 945 μᾶλλον
557 896 651 937 τοὺς
685 882 875 938 συνόντας
904 912 969 938 σοι
1001 897 1192 939 αἰδεῖσθαί
1221 913 1279 947 σε,
1312 900 1338 948 ἢ
1368 901 1592 951 φοβεῖσθαι·

187 961 290 1002 αι’δοΐ
301 961 376 1012 μὲν
394 963 472 1015 γὰρ
489 963 681 1015 πρόσεστι
699 963 834 1012 σέβας,
857 963 971 1016 φόβῳ
990 964 1033 1006 δὲ
1050 968 1176 1015 μῖσος.

858 1101 921 1139 49.

243 1165 355 1205 κενὸς
382 1164 529 1205 ἐκείνου
555 1166 779 1218 φιλοσόφου
797 1165 931 1218 λόγος,
954 1167 1018 1218 ὑφ’
1042 1166 1087 1207 οῗ)
1110 1167 1232 1217 μηδὲν
1251 1169 1448 1220 ἀνθρώπου
1472 1168 1592 1210 πάθος

189 1230 452 1283 θεραπεύεται.
508 1234 639 1284 ὥσπερ
667 1233 744 1286 γὰρ
774 1233 947 1286 ἰατρικῆς
980 1235 1051 1274 οὐκ
1087 1234 1233 1285 ὄφελος
1263 1235 1318 1285 μὴ
1353 1235 1426 1276 τὰς
1454 1234 1592 1277 νόσους

190 1297 470 1347 ἐκβαλλούσης
489 1299 565 1339 ἀπὸ
582 1303 662 1340 τῶν
676 1298 878 1350 σωμάτων·
907 1302 1028 1342 οὕτως
1047 1299 1136 1341 οὐδὲ
1154 1301 1404 1352 φιλοσοφίας,
1424 1302 1458 1342 εἷ
1473 1303 1528 1353 μὴ
1543 1303 1591 1343 τὸ

188 1367 262 1413 τῆς
279 1368 411 1418 ψυχῆς
429 1366 551 1407 κακὸν
570 1365 775 1414 ἐκβάλλω.

858 1438 922 1474 50.
1205 1470 1207 1476 2

243 1501 334 1540 οὔτε
351 1501 471 1541 ἵππον
485 1501 605 1553 χωρὶς
625 1504 802 1551 χαλινοῦ,
821 1503 914 1542 οὔτε
931 1505 1107 1542 πλοῦτον
1125 1501 1220 1554 δίχα
1238 1504 1462 1557 φρονήσεως
1476 1508 1587 1546 δυνα-

188 1568 260 1608 τὸν
278 1570 512 1620 κρατεῖσθαι.

860 1638 907 1675 51
914 1666 922 1675 .

405 1702 548 1754 σαρκὸς
566 1703 687 1753 φωνὴ,
706 1702 761 1752 μὴ
779 1706 926 1752 πεινῆν,
946 1704 1000 1754 μὴ
1020 1707 1144 1756 διψῆν,
1164 1707 1219 1755 μὴ
1237 1708 1380 1758 ῥιγοῦν.

860 1841 923 1878 52.

405 1903 537 1956 φείδεο
555 1884 628 1953 τῆς
646 1904 755 1955 ζωῆς,
775 1906 830 1955 μή
847 1923 914 1956 μιν
931 1907 1312 1959 καταθυμοβορήσῃς.

727 2029 790 2066 53.
823 2027 1043 2078 αἰνίγματα.

567 2106 726 2158 καρδίαν
742 2107 797 2157 μὴ
817 2107 932 2148 ἔσθιε.

565 2175 640 2225 πῦρ
657 2174 834 2228 μαχαίρᾳ
850 2176 904 2226 μὴ
924 2174 1106 2216 σκάλευε.

568 2241 689 2292 ζυγὸν
705 2243 759 2292 μὴ
780 2245 997 2295 ὑπερβαῖνε.

567 2309 790 2360 λεωφόρους
808 2310 918 2351 ὁδοὺς
934 2302 989 2360 μὴ
1009 2314 1157 2363 στεῖχε.

567 2376 622 2426 μὴ
641 2379 789 2424 καθῆσο
811 2378 871 2418 ἐπὶ
890 2379 1056 2429 χοίνικα.
