1644 2924
868 344 931 386 52

360 471 432 520 ὴδέ
448 488 495 512 τε
513 471 675 513 νούσους
693 472 891 524 προύλεγε
910 472 974 512 καὶ
994 471 1142 512 νούσων
1161 471 1347 525 ἀπερωὴν,

360 539 600 590 ἀλθεστήρια
617 537 813 590 φάρμακα,
834 539 999 591 βρώσεις
1015 540 1051 578 τ’
1073 538 1302 592 ἐξερεείνων·

359 607 500 648 οὕνεκα
518 608 678 659 σήματα
695 606 766 656 ἠδὲ
782 605 956 660 τεράατα
971 609 1171 661 προῦλεγε
1188 606 1328 655 πάντα,

359 675 500 717 οὕνεκά
516 693 564 717 τε
581 676 751 728 ξύμπασι
769 676 887 729 φίλος
904 677 1120 729 μερόπεσσι
1136 677 1317 726 τέτυκτο,

360 745 439 784 οὐδ’
459 743 662 798 ἀγέρωχος
681 745 750 793 ἔην
767 745 792 793 ἢ
812 743 1021 785 ἀτάσθαλα
1039 743 1136 796 ἔργα
1154 744 1275 797 ἔρεζε·

357 812 525 852 τοῦνεκα
541 812 613 852 τὸν
630 810 846 863 φιλέεσκον
861 811 1034 863 Ἀχαιῶν
1051 810 1165 852 ἔθνεα
1182 810 1349 852 πάντων.

413 879 535 931 αὐτὰρ
551 879 777 927 Ὀδυσσεὺς,
798 879 929 930 ἡρώων
946 878 1109 931 φθόρος,ι
1121 878 1238 931 ἔχθος
1257 879 1434 931 ἀρίστων,

359 947 423 998 (ὅς
440 948 489 999 ῥα
505 947 755 995 Φιλοκτήτην
771 946 912 996 Λήμνῳ
930 945 1035 994 λίπε,
1056 947 1151 994 νῆας
1169 945 1329 995 ἐλάσας,

359 1014 401 1054 ὅς
418 1015 455 1053 τ’
474 1014 624 1054 Αἴαντα
639 1013 832 1066 πελώριον
850 1013 1015 1064 ὕστερον
1033 1012 1130 1053 ἔκτα
1146 1014 1345 1065 χολώσας,

359 1081 509 1133 Λοκρὸν
524 1081 570 1121 ὃς
588 1081 679 1133 ἔρσε
698 1078 896 1132 θαλάσσῃ·
923 1082 1050 1133 φεῦγε
1067 1080 1145 1134 γὰρ
1164 1081 1293 1122 εἵνεκα
1309 1085 1394 1123 τοῖο

357 1150 499 1199 μοῦνος
517 1146 700 1188 ἁπάντων
717 1146 938 1199 Ἀργείων)
967 1146 1191 1198 στυγέεσκε
1207 1148 1278 1190 τὸν
1296 1149 1425 1202 ἄνδρα,

360 1214 518 1255 οὕνεκέν
536 1216 575 1255 οἱ
592 1212 712 1268 ἀρετῇ
725 1213 928 1266 walum
947 1214 1059 1255 οὐδὲν
1077 1215 1222 1257 ἶσοῦτο.

357 1282 414 1333 τῷ
433 1282 497 1322 καὶ
518 1282 680 1335 ὄλεθρον
698 1281 830 1332 ἔτευξε
843 1281 1163 1336 ’δολοφροσύνῃσι
1181 1283 1296 1333 νόοιο,

358 1350 550 1401 Ἀργείοις
565 1335 601 1389 ιδ’
622 1349 828 1402 ἐχόλωσεν
844 1350 1048 1401 Ἀχιλλῆα
1056 1349 1340 1404 πτολίπορθον,

359 1417 499 1467 λοιμὸν
517 1415 559 1456 δὲ
578 1411 794 1457 στονόεντα
812 1416 914 1456 κατὰ
932 1416 1103 1468 στρατὸν
1120 1417 1222 1469 ὦρσε
1241 1417 1436 1470 φέρεσθαι.

359 1484 488 1536 ἀρχὴν
507 1485 539 1524 δ’
560 1485 687 1524 αὐτῶν
706 1483 845 1536 ἔχθεος
863 1484 968 1531 εἴπω,
988 1483 1049 1524 τίς
1067 1500 1129 1524 τοι
1149 1484 1309 1537 ἐτύχθη.

359 1552 404 1590 οὔ
421 1550 495 1601 μὲν
512 1550 727 1591 Ὀδυσσέος
746 1550 832 1603 εἰκῇ
848 1550 1044 1601 μνήσομαι
1063 1551 1180 1592 αὐτὸς
1198 1551 1371 1605 ἀρότρου,

358 1619 439 1658 οὔτ’
459 1618 533 1669 ἄρα
550 1616 818 1670 Τηλεμάχοιο·
845 1618 990 1667 ψεύδεα
1007 1617 1137 1659 πάντα
1153 1618 1350 1660 τέτυκται.

359 1685 475 1726 αὐτὸς
493 1684 571 1736 γὰρ
589 1684 819 1738 συνάγειρεν
835 1685 1007 1736 Ἀχαιῶν
1024 1684 1175 1726 πάντας
1194 1686 1384 1739 ἀρίστους.

360 1754 486 1792 ταῦτα
504 1751 550 1792 δέ
565 1768 627 1792 τοι
647 1751 740 1804 ἐρέω
758 1751 962 1804 νημερτέα,
984 1753 1115 1805 ὥσπερ
1134 1753 1298 1805 ἐτύχθη·

409 1819 600 1871 Ἀργείοις
617 1819 809 1873 περόωσιν
826 1820 891 1859 ἀπ’
903 1819 1072 1872 Ἄργεος
1090 1820 1205 1871 οἶδμα
1223 1820 1438 1870 θαλάσσης,

358 1889 397 1928 ἐς
415 1887 555 1939 Τροίην
573 1887 630 1927 ὅτ’
651 1886 815 1935 ἔπλωον,
837 1886 999 1938 φαίνετο
1018 1887 1178 1937 σήματα
1194 1889 1341 1936 πολλὰ,

357 1953 527 2002 σκηπτοὶ
549 1951 789 2006 ἐριφλεγέες,
809 1952 1162 2006 μεγαλοσμάραγοι
1179 1954 1342 2005 βρονταί
1358 1971 1416 2003 τε,

357 2021 484 2071 ἴριδες,
504 2018 574 2067 ἠδὲ
593 2022 771 2070 κομῆται,
792 2022 921 2072 λεῖψις
937 2020 974 2059 τ’
993 2021 1156 2068 ἠελίοιο·

357 2087 421 2126 καὶ
440 2084 492 2125 τά
509 2100 561 2135 γε
580 2087 684 2137 θυμῷ
701 2086 905 2138 τρείεσκον
922 2085 1067 2128 πάντες
1084 2090 1307 2140 παναχαιοί.

356 2153 473 2193 αὐτὸς
491 2153 524 2191 δ’
545 2152 593 2192 αὖ
612 2152 852 2203 Παλαμήδης
872 2155 918 2194 ἐκ
936 2153 1023 2194 δέος
1041 2154 1173 2195 εἵλετο
1191 2154 1359 2204 πάντων,

357 2219 488 2271 φήσας
507 2221 577 2259 οὐκ
594 2219 786 2271 Ἀργείοις
800 2222 926 2272 Τρωσὶ
945 2220 987 2261 δὲ
1008 2224 1116 2272 σῆμα
1134 2225 1284 2263 κακοῖο·

355 2285 485 2328 πάντα
502 2286 580 2338 γὰρ
599 2288 831 2336 αὐτολίηθεν
851 2287 1033 2338 ἐφαίνετο
1054 2289 1212 2340 σήματα
1229 2293 1368 2331 ταῦτα·

355 2354 449 2406 πρὸς
469 2352 515 2393 δέ
529 2370 575 2394 τε
593 2353 730 2403 μάντις
748 2354 886 2404 ἔειπεν,
909 2354 1059 2404 ἀληθέα
1076 2355 1206 2398 πάντα
1223 2356 1464 2410 πιφαύσκων.

355 2423 507 2463 πεσσὸν
527 2423 558 2462 δ’
580 2421 628 2463 αὖ
647 2423 711 2463 καὶ
730 2420 942 2475 γράμματα
962 2424 1142 2476 δεύτερον
1163 2425 1271 2478 εῧρεν
1288 2427 1477 2479 Ἀχαιοῖς·
