1644 2924
857 294 891 361 μ6

341 423 380 461 ἐς
399 420 520 473 χορὸν
538 420 722 474 Ἰδαίῃσιν
743 421 1035 463 ἐπαντέλλεσθε
1055 422 1239 475 χορείαις·

340 490 463 538 δεῦτε,
485 488 784 538 θεμιστοπόλοιο
803 489 979 540 νοήματα
995 493 1268 543 μηλοβοτῆρος

339 554 477 596 εἴπατέ
491 572 568 606 μοι,
589 554 826 597 κελάδοντος
845 556 1102 610 ἀπορνύμεναι
1120 560 1321 608 ποταμοῖο,

341 625 382 674 ἐξ
401 621 518 676 ὀρέων
535 622 656 664 πόθεν
673 623 796 672 ἦλθεν
814 623 935 673 ἆηθέα
951 625 1098 678 πόντον
1118 623 1301 674 ἐλαύνων,

338 690 555 740 ἀγνώσσων
573 689 669 731 ἁλὸς
689 690 798 742 ἔργα·
823 690 864 733 τί
881 691 922 732 δὲ
941 692 1059 744 χρέος
1079 692 1224 732 ἔπλετο
1241 695 1342 741 νηῶν

339 756 580 810 ἀρχεκάκων,
600 759 664 799 ἵνα
682 757 827 799 πόντον
845 761 940 809 ὁμοῦ
958 759 1023 799 καὶ
1041 762 1159 809 γαῖαν
1178 758 1282 812 ὀρίνῃ

340 824 547 871 βουκόλος·
575 826 726 877 ὠγυγίη
745 825 787 867 δὲ
805 825 864 867 τίς
885 826 1030 867 ἔπλετο
1050 825 1197 867 νείκεος
1217 827 1333 879 ἆρχὴ,

340 893 442 945 ὅφρα
460 893 523 933 καὶ
543 891 768 933 ἀθανάτοισι
786 891 1042 943 θεμιστεύωσι
1062 897 1214 944 νομῆες·

339 961 400 1001 τίς
418 960 460 1001 δὲ
481 960 731 1009 δικασπολίη·
757 959 877 1001 πόθεν
897 960 1038 1001 ἔκλυεν
1057 963 1202 1012 οὕνομα
1221 960 1370 1014 νύμφης

339 1027 528 1080 Ἀργείης.
559 1028 670 1068 αὐταὶ
689 1028 766 1080 γὰρ
786 1028 1006 1076 ἐθηήσασθε
1024 1031 1226 1079 μολοῦσας

340 1094 481 1144 Ἰδαίης
498 1094 729 1148 τρικάρηνον
749 1096 821 1136 ὑπὸ
840 1099 997 1147 πρηῶνα
1016 1095 1232 1149 Φαλάκρης,

341 1164 405 1203 καὶ
425 1161 546 1215 Πάριν
564 1163 804 1205 οἰοπόλοισιν
824 1165 1080 1217 ἐφεδριόωντα
1099 1166 1266 1213 θοώκοις,

341 1231 406 1271 καὶ
425 1230 602 1283 Χαρίτων
620 1233 831 1278 βασίλειαν
850 1231 1130 1282 ἀγαλλομένην
1146 1232 1389 1285 Ἀφροδίτην·

395 1299 445 1339 ὣς
465 1301 486 1338 ὁ
503 1298 576 1349 μὲν
597 1302 846 1352 ὑψιλόφοισιν
866 1302 908 1340 ἐν
927 1301 1080 1352 οὔρεσιν
1098 1300 1322 1351 Αἱμονιήων,

341 1364 549 1417 νυμφιδίων
567 1369 727 1415 Πηλῆος
746 1367 974 1418 ἀειδομένων
993 1370 1190 1418 ὑμεναιων,

340 1433 461 1481 Ζηνὸς
481 1432 775 1485 ἐφημοσύνῃσιν
793 1434 977 1486 ἐῳνοχόει
998 1434 1234 1484 Γανυμήδης·

339 1501 450 1540 πᾶσα
468 1499 509 1541 δὲ
529 1500 762 1541 κυδαίνουσα
779 1504 876 1541 θεῶν
895 1500 1059 1541 ἔσπευδε
1077 1501 1247 1551 γενέθλη

340 1566 680 1617 αὐτοκασιγνήτην
697 1569 944 1608 λευκώλενον
961 1567 1223 1620 Ἀμφιτρίτης.

341 1635 435 1675 Ζεὺς
452 1634 525 1685 μὲν
543 1634 608 1674 ἀπ’
627 1634 863 1686 Οὐλύμποιο,
887 1635 1110 1676 Ποσειδάων
1129 1635 1170 1676 δὲ
1191 1635 1405 1685 θαλάσσης,

343 1705 388 1743 ἐκ
407 1701 450 1743 δὲ
470 1702 769 1751 Μελισσήεντος
788 1703 1067 1754 ἇπεσσυμένων
1085 1703 1292 1745 Ἑλικῶνος

341 1769 535 1810 Μουσάων
553 1768 778 1821 λιγύφωνον
796 1770 904 1821 ἄγων
922 1770 1044 1822 χορὸν
1062 1770 1184 1818 ἦλθεν
1201 1769 1424 1811 Ἀπόλλων·

339 1837 410 1878 τὸν
428 1837 471 1878 δὲ
488 1836 572 1887 μέθ’
591 1836 796 1890 ὡμάρτησε
815 1837 1036 1888 κασιγνήτη
1051 1837 1144 1877 Διὸς
1152 1835 1267 1889 “Hpn.

341 1906 419 1945 οὐδ’
441 1906 539 1954 αὐτὴ
558 1904 745 1952 βασίλεια
763 1906 828 1946 καὶ
847 1904 1047 1958 Ἀρμονίης
1064 1905 1273 1957 Ἀφροδίτη

343 1972 536 2023 ἐρχομένη
555 1972 716 2020 δήθυνεν
735 1974 775 2012 ἐς
793 1972 922 2012 ἄλσεα
942 1970 1185 2024 Κενταύροιο.

342 2041 406 2081 καὶ
426 2039 574 2090 στέφος
591 2039 804 2087 ἀσκήσασα
819 2039 1017 2090 γαμήλιον
1035 2041 1156 2086 ἤλυθε
1177 2041 1311 2087 Πειθὼ,

340 2109 570 2158 τοξευτῆρος
583 2106 752 2158 Ἔρωτος
773 2105 1036 2157 ἐλαφρίζουσα
1054 2104 1262 2157 φαρέτρην·

341 2174 405 2214 καὶ
423 2174 584 2226 βριαρὴν
601 2172 832 2226 τριφάλειαν
851 2172 926 2212 ἀπὸ
945 2172 1155 2226 κροτάφοιο
1172 2176 1335 2223 μεθεῖσα

342 2243 381 2282 ἐς
399 2240 528 2292 γάμον
545 2239 749 2293 ὡμάρτησε
768 2239 904 2291 γάμων
923 2239 1125 2282 ἀδίδακτος
1143 2241 1297 2290 Ἀθήνη.

340 2309 428 2350 οὐδὲ
447 2308 667 2360 κασιγνήτη
685 2309 860 2358 Λητωῖἆς
877 2309 1128 2350 Ἀπόλλωνος

333 2378 514 2430 ’Ἀρτεμις
533 2377 711 2428 ἠτίμησε,
734 2378 797 2419 καὶ
819 2377 1009 2431 ἀγροτέρη
1029 2395 1101 2430 περ
1122 2380 1248 2419 ἐοῦσα.
