1644 2924
830 311 922 356 148

238 441 286 489 δὴ
304 439 492 494 πρότερον
509 441 597 493 οὐχ’
620 440 779 494 ἑωρᾶτο·
823 441 924 481 οὕτω
949 440 997 489 δὴ
1022 439 1075 480 τὰ
1100 440 1185 481 καθ’
1205 441 1344 483 ὕδατος
1361 443 1521 494 θεωροῦ-

236 520 323 558 μεν·
367 512 446 549 τῶν
474 504 567 560 abre
597 507 667 560 ἔξω
695 510 769 549 τοῦ
802 509 942 550 ὕδατος
973 508 1207 561 ἐπιφανείας,
1235 508 1299 548 καὶ
1329 508 1465 559 λέγειν
1482 508 1525 549 δὲ

236 575 323 616 ἔθος
339 577 423 617 τοῖς
435 578 626 624 παλαιοῖς,
640 575 717 617 ὅσα
732 574 806 626 μὲν
823 576 870 616 δι’
890 574 1000 628 ἀέρος
1015 575 1079 616 καὶ
1094 574 1299 616 ἆκλάστου
1311 575 1526 628 φερομένης

234 645 308 691 τῆς
334 643 457 695 ὅψεως
487 645 711 695 θεωροῦμεν,
730 645 857 684 ταῦτα
884 643 972 683 κατ’
1003 641 1184 694 ἶθυφανὲς
1213 644 1292 682 πᾶν
1319 645 1525 695 θεωρεῖται.

238 710 292 751 ὧν
309 708 352 751 δὲ
375 711 448 752 τὰς
474 708 663 763 ἐμφάσεις
688 713 901 763 θεωροῦμεν
930 712 980 752 ὣς
1011 711 1130 759 ὕδατι,
1151 710 1178 759 ἡ
1196 710 1298 751 ὅλως
1318 713 1361 751 ἐν
1378 709 1525 751 κατόπ-

237 793 327 830 τρῳ,
357 780 484 819 ταῦτα
513 778 598 818 κατ’
629 776 881 829 ἆντιφάνειαν
909 777 1053 829 ὁρᾶται.
1101 776 1154 818 τὰ
1168 775 1211 817 δὲ
1230 778 1314 818 καθ’
1334 778 1483 827 ὕδατος,
1503 777 1530 825 ἢ

240 843 302 885 διὰ
320 847 516 898 διαφανῶν
534 834 774 897 θεωρούμενα
791 848 816 873 *
847 873 988 884 ......

292 912 368 960 τὴν
385 911 428 952 δὲ
449 911 651 964 εἰρημένην
667 913 741 960 τῆς
760 911 883 964 ὄψεως
902 911 962 952 ἐπ’
979 909 1128 952 εὔθειάν
1145 928 1192 952 τε
1211 912 1335 964 φορὰν
1353 913 1417 953 καὶ
1437 912 1528 953 ἀνά-

239 987 394 1028 κλασιν,
413 979 477 1019 καὶ
495 977 657 1030 προσέτι
674 978 750 1027 τὴν
770 978 833 1018 ἐπὶ
858 980 1050 1019 πλεῖστον
1069 980 1189 1027 αὐτῆς
1207 995 1254 1019 τε
1279 979 1344 1019 καὶ
1363 979 1533 1031 ἄχρονον

240 1046 416 1099 πρόοδον,
446 1049 572 1088 ταῦτα
600 1047 648 1095 δὴ
677 1044 808 1087 πάντα
835 1047 928 1099 ὂρᾷν
965 1046 1128 1097 ἔξεστιν,
1150 1046 1215 1087 καὶ
1244 1046 1308 1087 ἐπὶ
1344 1049 1424 1087 τῶν
1463 1049 1535 1087 τοῦ

241 1114 358 1163 ἡλίου
375 1113 543 1155 ἀκτίνων
561 1114 843 1164 συμβαίνοντα·
882 1114 932 1155 ὣς
947 1113 1158 1166 κᾷντεῦθεν
1173 1116 1428 1160 βεβαιοῦσθαι
1442 1117 1533 1162 πῶς,

243 1183 296 1223 τὰ
313 1183 396 1223 καθ’
417 1182 542 1235 ἀρχὰς
562 1180 744 1235 εἰρημένα
761 1180 862 1231 ἡμῖν.

301 1249 362 1290 ὅτι
375 1250 422 1298 δὴ
434 1253 517 1302 φῶς
526 1248 701 1302 πρόεισιν
711 1248 788 1288 ἀπὸ
802 1251 882 1288 τῶν
892 1247 1090 1300 ἡμετέρων
1100 1246 1294 1299 ὀμμάτων,
1308 1250 1393 1299 εἴγε
1403 1251 1529 1290 ταῦτα

246 1316 351 1367 πάθη
380 1318 443 1359 ἐπὶ
472 1335 520 1358 τε
545 1320 619 1366 τῆς
645 1316 838 1370 ἡμετέρας
861 1317 995 1370 ὅψεως,
1020 1316 1114 1357 κάπὶ
1141 1318 1214 1357 τοῦ
1239 1316 1406 1365 ἡλιακοῦ
1438 1334 1535 1368 συμ-

248 1385 377 1431 βαίνει
395 1388 536 1437 φωτός.
558 1385 654 1425 ὅσον
670 1384 745 1435 μὲν
762 1385 840 1437 γὰρ
864 1383 1062 1435 διάστημα
1079 1384 1127 1424 τὸ
1146 1384 1312 1433 ἡλιακὸν
1330 1385 1535 1434 ἀποτείνη-

245 1469 311 1494 ται
330 1457 422 1506 φῶς,
443 1452 663 1507 ἀρχόμενον
679 1452 753 1504 μὲν
782 1453 848 1494 ἀπ’
879 1454 1001 1501 αὐτῆς
1028 1454 1101 1493 τοῦ
1132 1452 1248 1501 ἡλίου
1265 1456 1338 1502 τῆς
1356 1455 1535 1506 σφαίρας,

249 1519 383 1572 προιὺν
401 1519 444 1560 δὲ
461 1518 580 1571 μέχρι
597 1522 674 1568 ’γῆς
692 1513 757 1560 καὶ
774 1522 856 1559 τῶν
880 1517 1027 1566 ταύτης
1053 1522 1201 1570 μυχῶν,
1220 1522 1414 1560 τοσοῦτον
1431 1521 1494 1560 καὶ
1514 1521 1539 1569 ἡ

248 1585 419 1638 ἡμετέρα
437 1587 523 1637 ὄψις
547 1584 719 1637 προιέναι
744 1584 900 1637 δόξειεν,
921 1585 1067 1634 ὅτανγε
1085 1585 1180 1637 πρὸς
1196 1586 1249 1626 τὰ
1266 1585 1422 1638 οὐράνια
1438 1587 1536 1633 βλέ-

249 1669 384 1704 πομεν.
424 1653 489 1694 καὶ
509 1652 558 1693 αὖ
574 1652 706 1702 πάλιν,
728 1653 859 1705 ὥσπερ
877 1651 903 1700 ἡ
921 1654 994 1700 τῆς
1013 1651 1206 1703 ἡμετέρας
1236 1653 1359 1705 ὄψεως
1377 1654 1540 1705 πρόοδος

251 1719 426 1773 ἆχρόνως
445 1722 709 1761 ἐπιτελεῖσθαι
737 1721 854 1768 δοκεῖ,
882 1720 982 1760 οὕτω
1009 1719 1073 1760 καὶ
1091 1719 1117 1767 ἡ
1135 1722 1207 1760 τοῦ
1225 1720 1393 1768 ἡλιακοῦ
1411 1722 1541 1773 φωτὸς

253 1787 461 1829 ἐπέκτασις
480 1787 654 1840 ἆχρόνως
671 1785 857 1838 γενέσθαι
875 1785 1030 1838 δόξειεν.

306 1855 423 1908 ὅνπερ
448 1855 526 1907 γὰρ
554 1853 701 1907 τρόπον
729 1854 868 1907 νέφους
900 1855 1224 1906 ἐπιπροσθοῦντος
1256 1854 1359 1905 ἡμῖν,
1400 1855 1486 1896 εἶτα
1499 1856 1543 1896 δὲ

253 1921 556 1975 παραλάεοντος,
588 1921 728 1963 αὐτίκα
761 1922 825 1962 καὶ
852 1920 1027 1974 ἆχρόνως
1051 1921 1143 1972 ἡμῖν
1172 1924 1282 1962 δοκεῖ
1305 1923 1353 1963 τὸ
1377 1923 1543 1972 ἡλιακὸν

255 1993 338 2042 φῶς
357 1988 603 2036 ἐπιβάλλειν·
649 1989 769 2030 οὕτως
799 1989 909 2040 ἡμεῖς
939 1987 1236 2041 ἀναβλέψαντες
1257 1988 1386 2039 μόνον,
1406 1989 1543 2031 εὐθέως

256 2055 464 2107 βάλλομεν
480 2057 556 2104 τὴν
572 2056 660 2109 ὄψιν
674 2058 758 2098 τοῖς
776 2055 972 2108 οὐρανίοις.

311 2122 421 2164 ἀλλὰ
439 2123 503 2164 καὶ
536 2124 582 2164 δι’
609 2124 662 2164 ὧν
690 2122 880 2174 σωμάτων
899 2122 1164 2173 διακλωμένας
1182 2139 1229 2163 τε
1248 2123 1312 2164 καὶ
1332 2123 1546 2177 φερομένας

260 2193 408 2243 ὁρῶμεν
424 2191 496 2232 τὰς
515 2190 706 2243 ἆφηλίους
725 2191 893 2240 ἀκτῖνας,
915 2190 997 2231 οῖον
1015 2191 1061 2231 δι’
1083 2192 1231 2239 ὕδατος,
1249 2190 1378 2240 ὑέλου,
1394 2193 1419 2239 ἢ
1432 2190 1542 2243 κέρα-

258 2258 327 2299 τός
344 2272 407 2309 γε,
427 2258 452 2307 ἢ
470 2261 550 2299 τῶν
566 2257 754 2298 τοιούτων
770 2258 886 2307 τινὸς,
909 2257 971 2298 διὰ
999 2258 1151 2298 τούτων
1180 2258 1245 2298 καὶ
1264 2258 1339 2305 τὴν
1356 2257 1547 2310 ἡμετέραν

262 2326 350 2377 ὄψιν
368 2325 573 2376 συμβαίνει
591 2327 744 2378 χωρεῖν,
766 2325 830 2366 καὶ
861 2325 1105 2370 ἀνακλᾶσθαι
1132 2325 1175 2366 δὲ
1209 2325 1285 2366 ἀπὸ
1310 2328 1389 2365 τῶν
1409 2326 1544 2373 αὐτῶν,

261 2393 310 2433 τό
327 2410 373 2434 τε
391 2393 556 2442 ἡλιακὸν
580 2397 672 2446 φῶς,
701 2394 765 2435 καὶ
795 2394 870 2443 τὴν
900 2394 1094 2447 ἡμετέραν
1128 2394 1215 2446 ὄψιν
1246 2392 1462 2443 συμβαίνει,
1484 2393 1545 2432 καὶ
