1644 2924
800 277 891 321 122

199 406 415 460 ἁπτόμενος
434 407 560 461 ὀρθᾶς·
586 408 687 458 μετὰ
721 406 763 448 δὲ
794 405 951 456 ταύτας,
973 408 1081 446 Θεῶν
1109 421 1155 446 τε
1186 405 1250 446 καὶ
1279 403 1404 454 νόμων
1422 403 1486 445 καὶ

200 478 298 524 βίων
325 476 568 528 ἀνθρωπίνων
603 475 800 527 ἐμπειρίαν
834 472 954 527 λάβῃ.
1004 473 1071 514 δύο
1096 471 1174 525 γάρ
1201 475 1282 514 ἐντι
1301 475 1342 524 ἐξ
1361 473 1414 513 ὧν
1430 475 1488 513 τῶ

199 545 370 598 φρονίμω
402 541 570 584 διάθεσις
597 541 863 595 παραγίνεται,
885 541 938 582 ὧν
956 540 1002 581 τὸ
1021 539 1095 591 μέν
1114 542 1194 581 ἐντι
1212 539 1290 591 ἕξιν
1306 544 1483 590 μαθημα-

198 611 314 653 τικόν
329 627 376 652 τε
395 612 460 652 καὶ
478 611 701 661 γνωστικὰν
725 612 878 658 λαβεῖν,
898 610 946 649 τὸ
970 609 1012 649 δὲ
1032 608 1258 660 θεωρήματα
1276 608 1340 648 καὶ
1359 606 1484 660 πράγ-

198 695 305 730 ματα
323 678 458 719 πολλὰ
478 675 697 718 ἐπελθόντα
727 675 800 727 μὲν
828 677 893 717 καὶ
924 676 1043 716 αὐτὸν
1061 675 1202 716 ἰδόντα.
1223 675 1275 715 τὰ
1294 674 1336 715 δὲ
1356 675 1420 715 καὶ
1440 675 1487 714 δι’

201 746 318 799 ἑτέρω
337 746 442 786 τινὸς
459 743 589 797 τρόπω
619 743 928 792 κατανοήσαντα.
976 744 1068 783 οὔτε
1085 743 1163 796 γὰρ
1182 746 1203 783 ὁ
1221 744 1263 782 ἐν
1281 743 1489 792 λογισμοῖς

200 813 264 854 καὶ
282 810 556 864 μαθημάτεσσι
585 811 650 851 καὶ
683 813 770 852 ταῖς
800 810 889 850 ποτ’
909 809 1109 862 ἀκρίβειαν
1127 809 1296 861 θεωρίαις
1315 809 1424 850 εὐθὺς
1444 810 1489 849 ἐκ

202 880 298 922 νέων
315 879 519 931 γυμνάσας
535 879 610 919 τὰν
629 877 808 926 διάνοιαν,
823 876 953 918 ἱκανός
973 879 1053 918 ἐντι
1070 878 1162 918 ποτὶ
1181 877 1382 929 φρόνασιν·
1410 877 1489 917 οὔθ’

203 950 224 988 ὁ
242 946 392 987 τούτων
408 946 481 997 μὲν
501 945 764 997 ἀπολειφθεὶς,
797 946 839 985 ἐν
869 944 1160 997 ἆκροαμάτεσσι
1180 943 1222 985 δὲ
1240 945 1408 985 πολλοῖς
1426 944 1490 984 καὶ

202 1003 505 1066 πραγμάτεσσιν
522 1014 813 1066 ἀναστρεφθείς.
856 1013 950 1053 ἀλλ’
970 1014 992 1052 ὁ
1009 1011 1083 1063 μὲν
1103 1011 1146 1052 ἐν
1163 1013 1220 1062 τῷ
1240 1012 1324 1052 καθ’
1342 1010 1493 1052 ἕκαστα

204 1082 342 1133 κρίνεν,
380 1081 534 1132 τυφλὸς
567 1079 728 1131 ἐγένετο
759 1080 834 1120 τὰν
862 1078 1044 1120 διάνοιαν·
1073 1082 1094 1119 ὁ
1128 1080 1160 1119 δ’
1194 1081 1237 1119 ἐν
1264 1080 1320 1129 τῷ
1339 1077 1494 1119 καθόλω

205 1148 344 1202 θεωρὲν
363 1149 433 1189 ἀεί.
475 1146 647 1201 καθάπερ
672 1148 750 1199 γὰρ
766 1147 829 1188 ἐπὶ
847 1150 927 1188 τῶν
941 1150 1146 1198 λογισμῶν
1163 1147 1215 1188 τὰ
1229 1146 1349 1200 μέρεα
1360 1161 1490 1188 συντι-

205 1217 343 1258 θέντας
371 1218 419 1256 ‘rb
449 1216 546 1256 ὅλον
576 1217 617 1266 ἐξ
651 1216 777 1256 αὐτῶν
802 1214 1046 1266 λογίζεσθαι·
1087 1216 1187 1256 οὕτω
1224 1215 1288 1256 καὶ
1321 1215 1384 1255 ἐπὶ
1415 1218 1495 1255 τῶν

204 1283 445 1336 πραγμάτων
473 1283 632 1324 δύναται
651 1285 672 1324 ὂ
687 1283 761 1334 μὲν
789 1281 913 1334 λόγος
941 1283 1017 1324 τὰν
1045 1283 1200 1324 καθόλω
1220 1282 1380 1336 θεωρίαν
1399 1285 1491 1323 ὑπο-

205 1350 369 1402 γράφεν,
389 1349 414 1390 ἂ
433 1351 464 1390 δ’
487 1349 672 1403 ἐμπειρία,
694 1351 778 1390 καθ’
800 1349 950 1391 ἕκαστα
968 1349 1108 1403 κρίνεν.

258 1418 540 1470 παραπλησίως
558 1416 601 1457 δὲ
619 1417 684 1457 καὶ
702 1420 826 1470 γῆρας
846 1417 932 1469 ἔχει
961 1418 1052 1458 ποτὶ
1071 1416 1249 1467 νεότατα,
1268 1418 1332 1459 καὶ
1350 1421 1456 1459 ποιεῖ
1469 1417 1495 1458 ἃ

205 1483 279 1536 μὲν
297 1483 433 1524 νεότας
459 1486 749 1536 ἐγχειρητικῶς,
766 1484 814 1523 τὸ
834 1483 877 1524 δὲ
890 1487 1015 1536 γῆρας
1033 1489 1307 1536 προνοατικῶς’
1336 1485 1399 1526 καὶ
1418 1501 1491 1535 μη-

207 1551 354 1592 δέποκα
372 1550 603 1603 ἀφύλακτον
621 1550 716 1590 αὐτὸ
733 1550 897 1603 ἀφίεμεν
916 1550 1094 1599 διανοίας,
1112 1551 1221 1592 ἀλλὰ
1239 1552 1303 1592 καὶ
1317 1554 1356 1592 τί
1367 1550 1491 1603 πράσ-

209 1636 282 1670 σει,
304 1620 368 1660 καὶ
386 1619 428 1659 τί
444 1618 646 1672 πέπραγεν
665 1620 882 1659 ἐπισκοπεῖ·
909 1619 975 1659 ἵνα
998 1620 1050 1659 τὰ
1079 1618 1152 1669 μὲν
1182 1618 1386 1669 μέλλοντα
1412 1622 1495 1660 τοῖς

207 1687 439 1741 παρεόντεσι
457 1685 780 1737 σταθμευόμενος,
807 1686 860 1727 τὰ
889 1689 921 1726 δ’
952 1686 1192 1728 ἐνεστακότα
1208 1690 1292 1728 τοῖς
1309 1702 1493 1740 παρῳχη-

208 1755 348 1807 μένοις,
366 1754 483 1796 αὐτὸς
502 1756 694 1796 αὔταυνον
718 1756 891 1807 διορθοῦν
913 1754 1084 1803 δύνηται·
1110 1755 1201 1794 ποτὶ
1219 1753 1292 1805 μὲν
1308 1755 1380 1795 τὸν
1397 1771 1493 1808 παρ-

210 1822 418 1875 οιχόμενον
445 1822 519 1863 τὰν
546 1820 700 1873 μνάμαν
731 1820 968 1874 ἐφαρμόζων·
1001 1821 1092 1861 ποτὶ
1123 1821 1165 1861 δὲ
1193 1821 1264 1862 τὸν
1287 1821 1494 1874 παρεόντα,

208 1891 283 1932 τὰν
302 1891 495 1931 αἵσθασιν·
520 1890 613 1930 ποτὶ
643 1889 684 1930 δὲ
720 1890 792 1930 τὸν
821 1889 1035 1940 μέλλοντα,
1055 1888 1130 1928 τὰν
1171 1887 1362 1940 πρόνοιαν.
1410 1889 1497 1931 ἔστι

210 1958 288 2009 γὰρ
307 1957 367 1997 ἀεὶ
384 1955 517 2007 μνάμα
543 1955 616 2007 μὲν
650 1955 740 2007 ἁμῖν
767 1959 824 1996 τῶ
845 1954 1164 2008 παρεληλυθότος
1177 1955 1318 2007 χρόνω,
1338 1955 1498 2008 πρόνοια

211 2024 255 2066 δὲ
272 2027 328 2066 τῶ
346 2023 581 2074 μέλλοντος,
602 2024 779 2064 αἵσθασις
796 2021 838 2064 δὲ
859 2026 916 2063 τῶ
933 2022 1154 2075 παρεόντος.
1195 2023 1252 2064 διὸ
1287 2025 1335 2073 δὴ
1353 2027 1414 2065 δεῖ
1427 2025 1499 2065 τὸν

212 2093 330 2145 ὀρθῶς
359 2091 424 2131 καὶ
456 2094 586 2132 καλῶς
605 2091 783 2137 βιοτεύεν
810 2089 1016 2141 μέλλοντα
1042 2091 1096 2140 μὴ
1123 2089 1244 2141 μόνον
1273 2091 1499 2134 αι’σθατικὸν

213 2159 278 2200 καὶ
295 2157 539 2210 μναμονικὸν,
561 2157 671 2198 ἀλλὰ
689 2157 754 2197 καὶ
761 2151 1028 2209 ’προνοατικὸν
1045 2157 1154 2208 ἦμεν.

535 2281 572 2318 4.
593 2278 679 2330 περὶ
697 2277 815 2329 νόμον
833 2278 896 2318 καὶ
912 2277 1165 2328 δικαιοσύνης.

269 2346 385 2398 νόμος
420 2345 508 2388 πότ’
543 2346 739 2399 ἀνθρώπου
768 2345 900 2399 ψυχάν
926 2362 971 2387 τε
1003 2347 1068 2388 καὶ
1096 2346 1185 2394 βίον
1213 2347 1307 2399 ὅπερ
1339 2346 1498 2401 ἁρμονία
