1644 2924
884 303 950 346 34

803 450 807 452 ’
884 432 947 473 71.

378 498 547 547 ἅνθηκεν
561 497 644 538 τόδ’
664 498 829 549 ἄγαλμα
847 499 1055 551 Κορίνθιος,
1078 498 1200 550 ὅσπερ
1221 498 1327 538 ἐνίκα

483 567 526 605 ἐν
542 567 718 617 Δελφοῖς
735 581 834 606 ποτε
853 565 1087 618 Νικολᾴδας,

373 631 438 671 καὶ
458 633 739 681 Παναθηναίοις
756 631 976 685 στεφάνους
993 631 1099 680 λάβε
1116 632 1226 674 πέντ’
1247 633 1306 673 ἐπ’
1327 631 1482 674 ἀέθλοις

481 700 580 751 ἑξῆς,
601 699 833 752 ἆμφιφορεῖς
853 699 997 740 ἐλαίου.

373 766 516 818 Ἰσθμῷ
535 766 567 807 δ’
589 768 631 807 ἐν
649 766 771 818 ζαθέῳ
788 767 872 820 τρὶς
891 769 1099 820 ἐπισχερὼ,
1120 767 1199 808 οὐδ’
1221 766 1406 818 ἐγένοντο

482 833 648 874 ἀκτίνων
663 834 832 884 τομίδων
848 835 1051 884 ποταθμοί.

375 900 440 941 καὶ
459 899 593 954 Νεμέᾳ
609 901 692 953 τρὶς
712 900 903 950 ἐνίκησεν,
924 901 988 941 καὶ
1006 900 1187 953 τετράκις
1205 902 1314 942 ἄλλα

483 966 684 1021 Πελλάνᾳ,
706 967 772 1008 δύο
792 969 825 1008 δ’
847 970 890 1009 ἐν
905 968 1068 1019 Λυκαίῳ,
1134 982 1143 988 ·

378 1034 443 1075 καὶ
461 1034 601 1087 Τεγέᾳ,
622 1035 687 1075 καὶ
708 1035 910 1088 ἐνΑἲγίνᾳ
927 1037 1095 1088 κρατερᾷ
1111 1036 1148 1076 τ’
1165 1035 1388 1088 Ἐπιδαύρῳ,

485 1102 549 1142 καὶ
569 1102 695 1155 Θήβᾳ,
716 1100 910 1154 Μεγάρων
926 1118 973 1142 τε
991 1100 1109 1154 δάμῳ.

379 1170 421 1210 ἐν
439 1167 482 1210 δὲ
500 1171 683 1210 Φλιοῦντι
701 1169 766 1210 καὶ
785 1170 930 1221 σταδίῳ
948 1168 1000 1210 τά
1017 1186 1064 1210 τε
1081 1169 1200 1211 πέντε
1219 1170 1427 1222 κρατήσας,

482 1237 680 1289 ηὔφρανεν
695 1235 879 1288 μεγάλαν
897 1236 1092 1289 Κόρινθον.

885 1371 948 1414 72.

377 1437 551 1478 πολλάκι
570 1439 618 1486 δὴ
637 1441 767 1490 φυλῆς
783 1438 1064 1488 Ἀκαμαντίδος
1083 1439 1127 1478 ἐν
1143 1439 1323 1490 χοροῖσιν
1332 1435 1452 1490 ΕὨραι

431 1506 682 1557 ἀνωλόλυξαν
699 1506 949 1558 κισσοφόροις
968 1505 1031 1545 ἐπὶ
1049 1503 1296 1558 διθυράμβοις

377 1573 418 1613 αἱ
435 1571 695 1621 Διονυσιάδες,
716 1572 889 1625 μίτραισι
907 1571 950 1612 δὲ
968 1572 1032 1612 καὶ
1050 1570 1171 1624 ῥόδων
1189 1572 1328 1613 ἆώτοις

431 1642 566 1691 σοφῶν
584 1639 722 1679 ἆοιδῶν
740 1640 931 1679 ἐσκίασαν
947 1639 1115 1690 λιπαρὰν
1135 1638 1292 1692 ἔθειραν,

377 1707 415 1746 οἳ
430 1705 546 1746 τόνδε
563 1704 727 1759 τρίποδά
744 1714 858 1757 σφισι
875 1704 1049 1759 μάρτυρα
1066 1706 1248 1758 Βακχίων
1266 1705 1417 1747 ἀέθλων

432 1772 614 1822 θήκαντο.
643 1772 792 1814 κείνους
810 1773 842 1813 δ’
860 1772 1090 1824 Ἀντιγένης
1109 1773 1312 1814 ἐδίδασκεν
1331 1774 1479 1825 ἄνδρας.

379 1841 423 1882 εὖ
440 1842 473 1882 δ’
494 1844 708 1891 ε’τιθηνεῖτο
725 1841 924 1894 γλυκερὰν
943 1841 1020 1882 ὄπα
1037 1840 1197 1894 Δωρίοις
1213 1841 1404 1893 Ἀρίστων

430 1910 607 1962 Ἀργεῖος
623 1909 696 1958 ἡδὺ
713 1911 865 1960 πνεῦμα
881 1908 989 1962 χέων
1006 1910 1184 1960 καθαροῖς
1203 1910 1245 1948 ἐν
1263 1909 1408 1957 αὐλοῖς,

377 1979 456 2016 τῶν
476 1976 726 2029 ἐχορήγησεν
743 1976 891 2017 κύκλον
907 1975 1124 2028 μελίγηρυν
1141 1974 1358 2015 Ἱππόνικος

431 2042 675 2095 Στρούθωνος
693 2044 784 2091 υἱὸς,
805 2041 971 2095 ἅρμασιν
990 2044 1032 2082 ἐν
1049 2041 1227 2094 Χαρίτων
1245 2041 1435 2094 φορηθεὶς,

379 2111 423 2151 αἵ
437 2111 474 2150 οἱ
493 2110 551 2150 ἐπ’
572 2109 780 2162 ἀνθρώποις
799 2110 920 2160 ὄνομα
937 2109 1094 2156 κλυτὸν,
1117 2106 1275 2158 ἆγλαάν
1291 2124 1338 2148 τε
1357 2109 1467 2148 νίκαν

433 2180 566 2226 θῆκαν,
587 2179 691 2218 Θεᾶν
710 2175 954 2229 ἰοστεφάνων
973 2175 1083 2216 ἕκατι
1103 2177 1267 2216 Μοισᾶν.

888 2312 950 2354 73.

382 2396 415 2419 α.
445 2379 506 2421 τίς
525 2379 655 2420 εἰκόνα
672 2379 778 2420 τάνδ’
798 2378 982 2428 ἇνέθηκε;
1015 2381 1055 2425 β.
1080 2377 1246 2430 Δωριεὺς
1265 2379 1286 2417 ὁ
1304 2376 1470 2429 Θούριος.
