1644 2924
857 308 920 352 30

347 437 392 476 ἐκ
411 436 504 476 Διὸς
523 435 739 486 ἑλκόμενον
756 435 934 487 πόλεμον
950 436 1166 486 μαντεύετο
1186 433 1372 486 σάλπιγξ.
1387 425 1402 443 ’“

347 505 383 543 οἷ
399 503 431 542 δ’
451 502 552 553 ἦγον
569 502 838 555 προπάροιθεν·
866 504 954 545 ὁδὸς
971 504 1005 544 δ’
1027 503 1239 556 ἐβαρύνετο
1257 503 1397 555 μακρὴ,

345 569 562 622 σχιζομένη
580 572 791 621 ποταμοῖσι
810 571 874 611 καὶ
894 572 940 611 οὗ
958 570 1150 611 πεδίοισιν
1169 569 1293 620 ὁμοίη.

347 638 479 678 εἵπετο
499 638 531 677 δ’
552 636 686 679 αἶόλος
703 638 821 679 ἵππος
841 638 1070 691 ἀρηϊφίλους
1091 639 1154 678 ἐπὶ
1173 637 1339 688 βωμοὺς,

346 705 507 746 κυδιόων
526 703 741 758 ὑπέροπλα·
760 706 828 759 βίῃ
849 707 882 746 δ’
903 706 1103 758 ἐπέρεισεν
1121 706 1266 755 Ἀθήνη

345 774 483 824 χεῖρας
502 774 740 825 ἐπιβρίσασα
756 773 1009 826 νεογλυφέων
1029 774 1092 814 ἐπὶ
1110 777 1252 827 μηρῶν.

346 842 396 881 ὣς
415 839 457 881 δὲ
477 840 573 881 θέων
592 842 783 893 ἀκίχητος
804 840 995 894 ἐπέδραμε
1011 843 1161 883 θᾶσσον
1180 842 1328 891 ὀϊστοῦ,

346 911 477 960 Τρῶας
497 906 794 959 ἐΰσκάρθμοισιν
813 909 1051 962 ὁδοιπορίῃσι
1069 910 1226 958 διώκων,

350 977 482 1018 εἰσόκε
501 978 548 1026 δὴ
566 977 723 1018 πυλέων
743 977 971 1026 ἐπεβήσατο
990 976 1250 1030 Δαρδανιάων.

350 1046 390 1085 αἶ
408 1043 454 1085 δέ
470 1046 507 1085 οἶ
526 1044 725 1097 ἐρχομένῳ
745 1044 886 1098 θυρέων
903 1044 1056 1098 πτύχες
1076 1044 1314 1086 ἐστείνοντο·

350 1113 444 1153 ἀλλ’
455 1110 560 1165 Ἥρη
578 1111 652 1163 μὲν
671 1113 815 1154 ἔλυσεν
835 1114 897 1153 ἐπὶ
917 1112 1058 1165 δρόμον
1077 1112 1184 1154 αὖθις
1203 1115 1307 1153 ὁδοῖο

347 1178 518 1231 πρόσθεν
537 1178 854 1221 ἀναστέλλουσα·
884 1179 1109 1221 Ποσειδάων
1127 1180 1158 1219 δ’
1179 1180 1255 1220 ἀπὸ
1274 1180 1432 1232 πύργων

351 1247 526 1298 σταθμὸν
545 1246 806 1298 ἀνοιγομένων
822 1246 979 1288 πυλέων
998 1246 1190 1288 ἀνέκοπτε
1209 1246 1371 1300 τριαίνῃ.

351 1313 540 1367 Τρωΐάδες
557 1314 599 1355 δὲ
618 1317 800 1366 γυναῖκες
819 1315 893 1355 ἀνὰ
910 1313 1055 1355 πτόλιν
1073 1315 1247 1356 ἄλλοθεν
1265 1315 1400 1364 ἄλλαι,

354 1382 499 1433 νύμφαι
516 1399 564 1422 τε
581 1382 776 1435 πρόγαμοί
792 1398 840 1422 τε
859 1382 923 1422 καὶ
939 1382 1095 1432 ἵδμονες
1113 1381 1341 1430 Εἰλειθυίης,

353 1451 490 1503 μολπῇ
507 1451 544 1490 τ’
565 1450 748 1503 ὀρχηθμῷ
765 1466 813 1490 τε
830 1449 917 1502 περὶ
937 1447 1080 1501 βρέτας
1101 1447 1342 1488 εἱλίσσοντο·

355 1517 478 1557 ἄλλαι
498 1516 540 1557 δὲ
558 1516 764 1568 χνοόωσαν
783 1515 1049 1567 ἀμελγόμεναι
1066 1515 1184 1569 χάριν
1203 1517 1361 1569 ὄμβρου,

357 1586 464 1636 ὁλκῷ
483 1584 674 1637 δουρατέῳ
692 1585 846 1638 ῥοδέους
865 1585 1107 1638 στορέσαντο
1125 1584 1319 1634 τάπητας·

362 1653 402 1692 αἶ
420 1651 473 1699 δὲ,
496 1651 742 1702 θαλασσαίης
763 1651 944 1704 ἐπιμάζια
962 1653 1117 1703 νήματα
1134 1652 1271 1704 μίτρης

358 1718 586 1768 λυσάμεναι,
607 1722 824 1760 κλωστοῖσι
843 1719 1091 1760 κατέπλεκον
1111 1720 1268 1760 ἄνθεσιν
1285 1720 1419 1760 ἵππον·

360 1784 425 1825 καί
442 1801 512 1834 τις,
535 1787 769 1839 ἀπειρεσίοιο
786 1786 901 1827 πίθου
920 1786 1134 1839 κρήδεμνον
1151 1787 1300 1835 ἀνεῖσα,

360 1852 531 1905 χρυσείῳ
551 1853 779 1906 προχέουσα
795 1854 920 1907 κρόκῳ
939 1853 1230 1907 κεκερασμένον
1247 1853 1363 1903 οἶνον,

359 1923 476 1971 γαῖαν
494 1921 760 1962 ἀνεκνίσσωσε
778 1923 908 1974 χυτὴν
927 1921 1064 1962 εὗωδέΐ
1077 1923 1203 1972 πηλῷ.
1236 1918 1238 1920 ’

361 1988 549 2041 ἀνδρομέῃ
569 1987 613 2028 δὲ
631 1990 708 2042 βοῇ
727 1989 1002 2036 συνεβάλλετο
1022 1991 1142 2038 θῆλυς
1162 1988 1243 2037 ι’ωὴ,

361 2056 425 2096 καὶ
443 2054 590 2096 παίδων
608 2056 811 2104 ἀλαλητὸς
831 2057 1020 2107 ἐμίσγετο
1039 2055 1186 2108 γήραος
1205 2057 1302 2108 ἠχῇ.

361 2122 436 2164 οἶαι
454 2124 486 2163 δ’
506 2123 679 2175 ἀφνειοῖο
696 2123 913 2173 μετήλυδες
932 2124 1115 2164 ὠκεανοῖο

361 2189 550 2241 χείματος
569 2189 796 2241 ἀμφίπολοι,
817 2188 991 2242 γεράνων
1009 2188 1151 2241 στίχες
1169 2190 1409 2242 ἠεροφώνων,

359 2257 507 2300 κύκλον
526 2256 810 2310 ἐποχμεύουσιν
825 2256 1020 2307 ἀλήμονος
1038 2257 1249 2309 ὀρχηθμοῖο

358 2324 577 2377 γειοπόνοις
595 2325 779 2378 ἀρότῃσιν
797 2325 976 2377 ἀπεχθέα
994 2327 1239 2375 κεκληγυῖαι·

361 2395 410 2435 ὣς
428 2393 514 2444 οἵγε
534 2393 698 2446 κλαγγῇ
715 2409 761 2433 τε
780 2393 825 2433 δι’
847 2393 988 2434 ἄστεος
1007 2391 1076 2442 ἠδὲ
1097 2394 1260 2443 κυδοιμῷ
