1644 2924
884 297 943 338 82

313 426 387 466 σὺν
406 427 557 466 κενεαῖς
575 426 780 476 χείρεσσιν
799 422 1034 475 ἀπέρχομαι·
1063 423 1100 461 οἱ
1119 422 1150 461 δ’
1172 421 1343 471 ἀμογητὶ

363 491 471 541 τάμὰ
489 490 686 543 φέρουσιν,
699 489 834 542 Ἔρως,
856 489 914 529 οῖς
932 489 983 529 σὺ
1001 487 1134 539 γένοιο
1153 486 1286 539 βαρύς.

895 571 932 607 8.

312 625 361 665 τὸ
379 623 558 677 ῥόπαλον
574 625 632 674 τῷ
650 622 751 663 Πανὶ
771 622 835 662 καὶ
855 620 1020 668 ἰοβόλον
1039 619 1260 659 Πολύαινος

366 690 494 741 τόξον,
515 690 580 729 καὶ
599 687 750 741 κάπρου
766 690 883 728 τοῦδε
902 688 1054 738 καθᾶψε
1072 684 1207 732 πόδας,

315 757 381 798 καὶ
399 756 551 797 ταύταν
569 755 757 807 γωρυτὸν,
781 751 1018 804 ἐπαυχένιόν
1034 767 1083 791 τε
1101 749 1314 801 κυνάγχαν

371 826 490 872 θῆκεν
509 821 695 875 ὄρειάρχᾳ
713 823 816 872 δῶρα
834 821 1089 871 συαγρεσίης.

318 891 424 938 ἀλλ’,
446 890 476 929 ὦ
495 889 583 929 Πὰν
601 890 810 935 σκοπιῆτα,
832 886 896 926 καὶ
919 885 973 926 εἷς
991 884 1117 925 ὀπίσω
1136 883 1359 924 Πολύαινον

373 958 542 1009 εὕαγρον
559 955 728 1007 πέμποις
747 954 834 995 υἴέα
854 953 1046 1003 Σιμύλεω.

899 1036 935 1073 9.

319 1089 510 1144 ,Ἀχρυλὶς
527 1088 554 1136 ἦ
571 1088 720 1141 Φρυγίη
739 1085 1033 1136 θαλαμηπόλος,
1054 1085 1080 1133 ἦ
1098 1085 1186 1137 περὶ
1203 1084 1351 1126 πεύκας

278 1147 285 1149 ‚
373 1153 551 1195 πολλάκι
567 1154 661 1195 τοὺς
680 1154 805 1206 ἱεροὺς
822 1150 1024 1204 χευαμένη
1042 1150 1284 1202 πλοκάμους,

321 1222 508 1273 γαλλαίῳ
526 1219 713 1268 Κυβέλης
727 1219 979 1270 ὄλολύγματι
997 1217 1176 1258 πολλάκι
1194 1220 1318 1258 δοῦσα

374 1289 447 1329 τὸν
465 1288 591 1340 βαρὺν
610 1287 664 1328 εἷς
683 1287 803 1328 ἀκοὰς
821 1286 927 1338 ἦχον
946 1286 1023 1326 ἀπὸ
1042 1283 1263 1335 στομάτων,

321 1353 447 1395 τάσδε
466 1356 536 1407 θεῇ
553 1354 699 1406 χαίτας
716 1354 803 1405 περὶ
823 1352 966 1393 δικλίδι
985 1354 1103 1400 θῆκεν
1121 1350 1238 1403 ὀρείᾳ,

320 1430 323 1431 ’
377 1422 518 1473 θερμὸν
537 1421 621 1460 ἐπεὶ
640 1419 796 1467 λύσσης
814 1419 878 1459 ὧδ’
897 1417 1094 1458 ἀνέπαυσε
1113 1417 1225 1458 πόδα.

893 1500 954 1536 10.

323 1555 414 1593 παῖς
430 1550 732 1600 Ἀσκληπιάδεω
751 1552 861 1602 καλῷ
879 1551 1005 1591 καλὸν
1024 1550 1160 1590 εἵσατο
1177 1548 1306 1599 Φοίβῳ

379 1618 527 1671 Γόργος
546 1618 613 1670 ἀφ’
634 1618 792 1669 ἴμερτᾶς
809 1619 930 1657 τοῦτο
949 1615 1068 1668 γέρας
1087 1616 1277 1666 κεφαλᾶς.

325 1687 456 1733 Φοῖβε,
477 1685 529 1725 σὺ
548 1685 580 1724 δ’
598 1685 723 1732 ἵλαος,
744 1683 947 1735 Δελφίνιε,
967 1684 1106 1734 κοῦρον
1123 1681 1247 1733 ἆέξοις

382 1753 559 1802 εὔμοιρον
575 1751 724 1798 λευκὴν
739 1750 853 1801 ἄχρις
868 1749 930 1800 ἐφ’
949 1748 1118 1797 ἡλικίην.

898 1834 959 1871 11.

329 1888 450 1937 ἥμισυ
467 1886 541 1937 μὲν
558 1886 706 1935 πίσσης
725 1885 941 1933 κωπίτιδος,
962 1885 1084 1934 ἥμισυ
1102 1883 1135 1923 δ’
1154 1883 1270 1930 οἴνου,

381 1953 531 2004 Ἀρχῖν’
552 1950 744 2004 ἀτρεκέως
761 1953 832 1999 ἥδε
851 1950 1026 2001 λάγυνος
1046 1949 1147 2000 ἔχει·

329 2019 574 2070 λεπτότερον
593 2018 625 2057 δ’
645 2019 715 2057 οὐκ
735 2017 805 2057 οἶδ’
826 2016 960 2068 ἐρίφου
981 2014 1104 2067 κέρας.
1134 2014 1242 2063 πλὴν
1261 2013 1333 2064 ὅγε
1351 2012 1507 2066 πέμψας
1570 2065 1579 2070 ᾖ

385 2084 573 2126 αἶνεΐσθαι
590 2081 749 2123 πάντων
766 2074 871 2133 7ἄξιος
887 2079 1156 2132 Ἱπποκράτης.

387 2216 509 2268 αὖταρ
527 2214 773 2263 Δωνέττινοι,
794 2214 840 2253 ἰδ’
861 2163 1015 2266 ὂέρξροὶ
1036 2213 1230 2265 Κεραΐνες.

389 2349 490 2389 ἕπτα
508 2348 551 2388 δὲ
570 2346 814 2394 Δωνέττινοι,
837 2348 936 2397 ἄταρ
953 2346 1055 2385 ὀκτὼ
1074 2345 1138 2385 καὶ
1158 2344 1253 2384 δέκα
1273 2346 1407 2396 Κᾶρες.
