1644 2924
835 294 898 335 80

236 420 437 471 ἄνθρωποι,
460 419 631 472 φέρομεν
650 418 692 459 δὲ
713 422 810 459 θεῶν
829 419 1064 471 ἑτερόρῥοπα
1083 421 1184 469 δῶρα

236 485 411 539 ἆφραδέῃ
431 486 580 539 κραδίῃ.
610 484 761 532 βιότοιο
777 483 852 535 μὲν
870 485 913 526 ὅς
932 485 967 525 κ’
988 485 1167 533 ἐπιδευὴς

237 551 745 606 στρωφᾶται,.μακάρεσ·σιν
764 551 826 591 ἐπὶ
846 551 974 603 ψόγον
994 551 1101 591 αἰνὸν
1120 549 1260 599 ἰάπτει,

235 618 470 670 ἀχνύμενος·
498 617 698 670 σφετέρην
715 617 748 657 δ’
768 618 912 669 ἀρετὴν
930 617 994 657 καὶ
1015 617 1135 666 θυμὸν
1153 616 1287 667 ἀτίζει,

236 685 330 726 οὐδέ
344 702 384 725 τι
404 683 623 736 θαρσαλέος
640 682 765 724 ιίοέειν
784 682 887 731 ἔπος,
909 682 1002 722 οὐδέ
1016 699 1056 722 τι
1074 682 1190 734 ῥέξαι,

181 753 185 757 “
235 753 405 804 ἐῤῥιγὼς,
424 751 520 791 ὅταν
538 750 673 801 ἄνδρες
693 748 924 801 ἐχεκτέανοι
940 747 1126 800 παρέωσι·

235 820 303 859 καί
321 819 359 858 οἱ
377 818 497 868 θυμὸν
515 817 646 857 ἔδουσι
665 817 862 867 κατηφείη
881 816 946 856 καὶ
965 815 1080 866 ὂΐζύς.

234 885 279 925 ὃς
297 884 343 924 δέ
360 900 430 924 κεν
449 883 649 935 εὖόχθῃσι,
670 882 757 923 θεὸς
775 882 808 920 δ’
829 882 893 921 ἐπὶ
913 882 1040 927 ὄλβον
1057 880 1205 932 ὀπάζει,

236 952 301 992 καὶ
319 949 633 1002 πολυκοιρανίην,
656 949 884 997 ἐπιλήθεται
903 950 1045 989 οὕνεκα
1061 952 1182 999 ’γαῖαν

234 1018 382 1058 ποσσὶν
399 1015 628 1063 ἐπιστείβει,
651 1015 784 1063 θνητοὶ
804 1014 850 1054 δέ
865 1016 904 1054 οἱ
923 1015 999 1055 εἶσὶ
1015 1017 1173 1062 τοκῆες·

236 1084 330 1124 ἀλλ’
351 1083 568 1135 ὑπεροπλίῃ
588 1082 653 1122 καὶ
673 1080 930 1134 ἃμαρτωλῇσι
949 1079 1055 1121 νόοιο

233 1149 304 1190 ἶσα
322 1150 392 1189 Διῒ
405 1148 576 1201 βρομέει,
598 1149 781 1200 κεφαλὴν
799 1149 831 1188 δ’
852 1147 949 1199 ὑπὲρ
968 1147 1139 1199 αὐχένας
1155 1148 1278 1199 ἴσχει,

235 1217 302 1257 καί
318 1233 392 1268 περ
412 1218 485 1256 ἐὼν
503 1214 654 1266 ὀλίγος·
681 1217 826 1264 μνᾶται
845 1215 878 1255 δ’
900 1216 1078 1266 εὔπηχυν
1095 1215 1275 1264 Ἀθήνην,

233 1283 282 1331 ἠέ
299 1283 372 1322 τιν’
393 1282 607 1334 ἀτραπιτὸν
625 1280 877 1333 τεκμαίρεται
895 1281 1167 1330 Οὔλυμπόνδε,

234 1350 285 1390 ὥς
305 1364 350 1388 κε
367 1348 454 1398 μετ’
476 1345 683 1388 ἀθανάτοις
702 1347 917 1398 ἐναρίθμιος
936 1345 1178 1399 εἷλαπινάζῃ.

233 1415 260 1462 ἡ
279 1415 311 1454 δ’
333 1415 409 1462 ἄτη
429 1413 619 1453 ἁπαλοῖσι
635 1414 936 1464 μετατρωχῶσα
953 1410 1144 1451 πόδεσσιν

234 1482 355 1534 ἄκρῃς
375 1483 417 1521 ἐν
435 1481 660 1532 κεφαλῇσιν
679 1479 870 1519 ἆνῶἳστος
888 1478 954 1517 καὶ
972 1479 1158 1529 ἄφαντος,

232 1549 388 1589 ἄλλοτε
405 1546 479 1597 μὲν
496 1545 658 1598 γραίῃσι
677 1543 858 1596 νεωτέρη,
881 1543 1036 1584 ἄλλοτε
1055 1544 1087 1583 δ’
1107 1543 1204 1584 αὖτε

232 1612 476 1666 ὁπλοτέρῃσι
493 1615 616 1664 ’γρ-’ἠΰς
635 1611 846 1663 ἐφίσταται
865 1609 1124 1662 ἀμπλακίῃσι,

231 1680 326 1729 Ζηνὶ
347 1683 443 1720 θεῶν
461 1679 640 1730 κρείοντι,
658 1676 758 1729 Δίκῃ
777 1677 814 1716 τ’
836 1675 975 1728 ἐπίηρα
993 1676 1178 1728 φέρουσα.

815 1758 851 1795 2.

233 1813 327 1866 ὧραί
344 1829 407 1852 τοι
426 1809 592 1862 Χάριτές
609 1826 656 1850 τε
675 1810 779 1849 κατὰ
795 1809 932 1859 γλυκὺ
944 1811 1071 1860 χεῦαν
1089 1809 1234 1856 ἔλαιον,

288 1881 318 1920 ὦ
336 1879 455 1930 πυγὰ,
478 1870 671 1918 κνώσσειν
690 1876 779 1916 οὐδὲ
797 1875 988 1927 ’γέροντας
1007 1877 1084 1927 ἐᾷς.

232 1946 351 1997 λέξον
367 1962 434 1996 μοι
446 1947 553 1986 τίνος
573 1944 662 1984 ἐσσὶ
680 1941 850 1995 μάκαιρά
865 1959 926 1990 τυ,
948 1943 1012 1982 καὶ
1030 1943 1120 1982 τίνα
1137 1940 1284 1981 παίδων

291 2013 462 2062 κοσμεῖς.
493 2010 519 2049 ἃ
535 2009 645 2060 πυγὰ
665 2010 696 2048 δ’
719 2008 818 2048 εἶπε·
846 2006 1129 2059 Μενεκράτεος.

814 2090 850 2127 3.

233 2148 261 2194 ἦ
279 2143 442 2197 Τροιζὴν
460 2142 590 2193 &woh
609 2140 883 2192 κουροτρόφος·
910 2141 981 2179 οὐκ
1000 2139 1049 2179 ἂν
1067 2137 1253 2191 ἁμάρτοις

290 2210 452 2258 αἰνήσας
468 2207 615 2248 παίδων
632 2205 722 2246 οὐδὲ
735 2207 807 2246 τὸν
826 2204 1023 2246 ὑστάτιον.

229 2279 384 2320 τόσσον
401 2277 433 2316 δ’
452 2276 723 2325 Ἐμπεδοκλῆς
742 2273 1019 2325 φανερώτερος,
1042 2271 1166 2311 ὅσσον
1185 2272 1227 2311 ἐν
1246 2271 1386 2312 ἄλλοις

287 2346 446 2386 ἄνθεσιν
466 2342 642 2394 εἰαρινοῖς
661 2339 786 2380 καλὸν
806 2339 959 2390 ἔλαμψε
978 2338 1101 2391 ρόθον.
