1644 2924
793 366 856 410 46

791 560 852 599 25.

286 638 355 677 οὐκ
375 636 449 688 ἔφυ
467 636 604 679 Σόλων
621 636 840 690 βαθύφρων,
862 636 951 678 οὐδὲ
969 637 1154 685 βουλήεις
1172 637 1278 690 ἀνήρ.

286 704 410 744 ἐσθλὰ
427 704 504 756 γὰρ
524 706 612 744 θεοῦ
630 704 812 753 διδόντος,
835 705 951 746 αὐτὸς
969 707 1039 745 οὐκ
1059 703 1229 756 ἐδέξατο·

283 772 507 823 περιβαλὼν
527 771 559 810 δ’
580 771 714 823 ἄγραν,
736 772 923 822 ἀγασθεὶς
941 774 1010 812 οὐκ
1030 771 1253 813 ἀνέσπασεν
1270 771 1377 823 μέγα

286 838 452 887 δίκτυον,
474 840 592 889 θυμοῦ
611 839 642 878 θ’
663 837 814 890 ἁμαρτῆ
834 839 897 879 καὶ
917 842 1066 892 φρενῶν
1085 838 1343 892 ἀποσφαλείς.

285 908 430 956 ἤθελον
446 906 524 960 γάρ
542 922 611 948 κεν
629 908 836 960 κρατήσας,
857 910 1032 949 πλοῦτον
1051 909 1220 959 ἄφθονον
1238 910 1386 957 λαβὼν,

289 975 353 1015 καὶ
371 974 631 1026 τυραννεύσας
647 976 819 1024 Ἀθηνῶν
835 978 976 1026 μοῦνον
994 975 1140 1028 ἡμέραν
1157 975 1258 1026 μίαν,

287 1041 407 1082 ἀσκὸς
427 1042 591 1094 ὕστερον
609 1040 795 1094 δεδάρθαι,
817 1043 1112 1095 κάπιτετρίφθαι
1129 1042 1254 1094 γένος.

791 1178 855 1216 26.

285 1247 414 1296 χαῦνα
431 1244 504 1295 μὲν
524 1244 608 1285 τότ’
630 1242 863 1295 ἐφράσαντο,
886 1246 952 1284 νῦν
971 1244 1003 1284 δ’
1025 1244 1108 1295 ἐμοὶ
1126 1244 1362 1296 χολούμενοι

286 1312 402 1363 λοξὸν
420 1311 636 1364 ὀφθαλμοῖς
655 1314 771 1363 ὁρῶσι
788 1310 933 1352 πάντες
951 1312 1055 1351 ὥστε
1074 1311 1191 1359 δήϊον.

790 1445 852 1486 27.

606 1511 640 1551 εἲ
658 1510 700 1551 δὲ
719 1513 794 1561 γῆς
815 1510 1046 1563 ἐφεισάμηνΑ

284 1580 477 1632 πατρίδος,
498 1577 719 1631 τυραννίδος
739 1578 781 1618 δὲ
800 1579 864 1618 καὶ
883 1578 973 1627 βίης
992 1579 1201 1631 ἀμειλίχου

286 1649 331 1688 οὐ
349 1647 591 1700 καθηψάμην,
610 1645 748 1697 μιάνας
766 1647 831 1687 καὶ
850 1648 1117 1699 καταισχύνας
1136 1647 1265 1697 κλέος,

285 1714 397 1756 οὐδὲν
415 1715 603 1765 αἰδοῦμαι·
630 1713 754 1754 πλέον
771 1714 848 1766 γὰρ
867 1714 940 1754 ὧδε
959 1715 1131 1763 νικήσειν
1151 1718 1251 1756 δοκῶ

283 1783 433 1823 πάντας
451 1782 678 1834 ἀνθρώπους.

788 1920 851 1957 28.

338 1983 624 2036 συμμαρτυροίη
643 1984 753 2024 ταῦτ’
774 1986 822 2024 ἂν
841 1987 883 2025 ἐν
902 1985 987 2038 δίκῃ
1007 1985 1152 2038 χρόνου

337 2051 465 2104 μήτηρ
484 2052 656 2102 μεγίστη
676 2051 863 2102 δαιμόνων
880 2053 1106 2103 Ὀλυμπίων

337 2119 489 2171 ἄριστα,
512 2122 566 2167 Γῆ
584 2118 761 2169 μέλαινα,
781 2122 854 2168 τῆς
874 2122 952 2170 ἐγὼ
970 2120 1068 2160 ποτὲ

338 2185 446 2237 ὅρους
464 2187 623 2227 ἀνεῖλον
639 2189 831 2238 πολλαχῆ
849 2184 1089 2237 πεπηγότας,
1115 2215 1120 2219 -

335 2252 504 2304 πρόσθεν
523 2252 565 2293 δὲ
584 2253 842 2302 δουλεύσασα,
864 2256 931 2294 νῦν
951 2253 1143 2305 ἐλευθέρα.

335 2320 510 2361 πολλοὺς
530 2321 561 2360 δ’
579 2321 752 2370 Ἀθήνας,
774 2321 923 2374 πατρίδ’
945 2321 998 2362 εἷς
1019 2321 1231 2370 θεόκτιτον,

337 2389 539 2440 ἀνήγαγον
554 2389 779 2442 πραθέντας,
802 2391 929 2431 ἄλλον
949 2389 1116 2439 ἐκδίκως,

338 2456 465 2498 ἄλλον
483 2457 646 2507 δικαίως,
667 2458 760 2500 τοὺς
778 2459 811 2499 δ’
831 2457 1044 2508 ἀναγκαίης
1065 2459 1136 2498 ὕπο
