1644 2924
266 283 306 322 iv
790 293 1034 322 matrum.

266 403 490 456 elegantem
517 403 674 444 efficere
692 404 891 454 videntur,
911 419 1030 458 quam
1053 411 1099 445 ut
1119 404 1442 459 Tryphiodorum
1468 407 1545 447 Co-

265 485 502 539 luthumque
519 499 602 527 una
619 487 887 528 comitaretur.
935 487 1129 540 EJusdem
1155 487 1328 528 auctoris
1348 488 1550 529 Chiliades

264 574 371 616 sunt,
391 581 489 619 quas
506 568 617 608 nullo
641 569 760 609 modo
777 569 919 622 dignas
944 569 1097 623 putavi,
1117 583 1206 621 quae
1231 570 1364 610 locum
1391 570 1434 610 in
1461 572 1551 610 mea

264 649 499 689 collectione
532 649 749 690 obtineant.
806 650 949 690 Visum
977 658 1039 690 est
1071 657 1117 690 ut
1148 651 1200 691 ad
1228 651 1352 691 finem
1383 651 1550 692 secundi

264 730 480 771 voluminis
531 731 800 783 adjicerentur
848 732 1118 781 auctoritates,
1167 733 1275 772 unde
1326 732 1547 785 fragmenta

264 811 578 864 uniuscujusque
614 811 861 865 scriptorum
898 819 995 854 sunt
1034 820 1250 866 excerpta:
1293 815 1451 854 adnexa
1488 821 1550 854 est

263 891 385 932 etiam
412 892 627 946 appendix,
654 893 698 933 in
720 907 798 945 qua
826 894 1051 946 fragmenta
1072 894 1264 946 quaedm,
1286 907 1375 946 quae
1392 894 1548 935 incuria

262 979 334 1012 aut
364 986 459 1013 casu
493 973 640 1014 omissa
673 974 1102 1023 eransscontinentur.
1159 975 1278 1021 Quod
1306 976 1357 1016 ad
1393 983 1548 1016 textum
1592 978 1595 982 ’

262 1053 419 1103 attinet,
439 1055 587 1108 ubique
615 1055 699 1095 fere
725 1062 887 1096 secutus
912 1069 1003 1096 sum
1033 1055 1231 1096 editiones
1257 1069 1345 1109 quae
1370 1070 1444 1110 pro
1463 1057 1545 1098 sin-

260 1134 366 1187 gulis
395 1135 624 1176 auctoribus
648 1135 810 1190 optimae
835 1135 1080 1177 viderentur.
1125 1137 1220 1177 Duo
1253 1144 1349 1177 sunt
1374 1145 1444 1178 aut
1466 1144 1548 1179 tres

260 1217 351 1266 loci,
373 1231 473 1270 quos
497 1219 548 1258 ab
572 1217 797 1259 editoribus·
814 1217 987 1259 intactos
1013 1231 1135 1259 ausus
1152 1231 1242 1260 sum
1262 1220 1487 1268 emendare,
1507 1227 1548 1260 et

261 1298 438 1339 rationes
456 1299 783 1340 emendationum
801 1299 883 1339 fine
897 1299 1113 1340 voluminis
1132 1301 1297 1353 adJectae
1314 1307 1419 1341 sunt.
1461 1302 1545 1341 De-

261 1379 386 1432 nique
411 1384 462 1421 ad
488 1382 598 1422 hunc
622 1381 708 1421 fere
735 1381 858 1422 finem
885 1388 1070 1435 spectant
1095 1382 1176 1422 mei
1203 1382 1372 1431 labores,
1398 1390 1455 1432 ut,
1478 1384 1546 1436 qui

261 1459 370 1502 inter
397 1451 813 1515 ScriptoresGraecos
842 1462 1025 1503 Minores
1057 1463 1232 1504 maxime
1258 1464 1474 1512 emineant,
1503 1465 1545 1505 in

262 1542 337 1582 hac
356 1541 545 1591 editione,
566 1549 680 1583 textu
698 1543 1008 1593 accuratissimo,
1029 1557 1104 1584 nec
1131 1543 1213 1585 ulla
1233 1544 1545 1598 fragmentorum

263 1622 478 1664 omissione
498 1625 614 1674 facta,
633 1625 801 1678 perfecti
821 1627 1097 1668 exhibeantur.
