1644 2924
845 287 874 331 6

829 419 888 456 13.

283 487 363 539 ἥβᾳ
380 484 452 536 μέν
470 500 530 534 συ,
553 485 743 538 Πρόαρχε,
763 485 894 524 πεσὼν
911 484 1064 530 παίδων,
1086 482 1136 522 τά
1154 497 1203 533 ’γε
1221 482 1365 534 ματρὸς

338 554 468 595 στάθέ
491 555 545 595 ἐνὶ
565 547 738 606 δνοφερῷ
753 551 882 593 πένθει
901 551 988 592 ἔθου
1006 553 1196 604 φθίμενος.

286 623 392 664 ἀλλὰ
410 621 534 663 καλόν
551 638 613 662 τοι
630 622 790 672 ὕπερθεν
808 619 899 661 ἔπος
916 619 1007 659 τόδε
1025 618 1164 671 πέτρος
1183 618 1310 665 ἀείδει,

339 693 388 732 ὡς
408 690 538 730 ἔθανες
555 691 627 741 πρὸ
646 689 765 747 φίλας
781 686 1018 741 μαρνάμενος
1035 686 1224 738 πατρίδος.

836 812 896 848 14.

289 894 410 946 ἀκρίδι
427 893 479 945 τᾷ
496 893 582 933 κατ’
602 893 762 945 ἄρουραν
781 891 923 940 ἀηδόνι,
944 890 1007 930 καὶ
1028 890 1228 941 δρυοκοίτᾳ

340 959 494 1011 τέττιγι
513 961 623 1011 ξυνὸν
639 959 790 1010 τύμβον
810 959 939 1010 ἔτευξε
959 959 1084 1010 Μυρὼ,

289 1027 490 1081 παρθένιον
508 1026 686 1078 στάξασα
704 1027 798 1078 κόρα
817 1025 946 1078 δάκρυ·
977 1025 1093 1065 δισσὰ
1111 1024 1187 1074 γὰρ
1207 1024 1324 1064 αὐτᾶς

341 1096 486 1146 παίγνι’
508 1099 528 1135 ὁ
548 1087 752 1143 δυσπειθὴς
770 1094 887 1146 ᾤχετ’
908 1092 1011 1144 ἔχων
1027 1092 1167 1132 Ἀΐδας.

844 1217 902 1254 15.

290 1300 422 1349 μνᾶμα
438 1298 531 1338 τόδε
549 1295 732 1349 φθιμένου
749 1295 950 1346 μενεδαίου
969 1295 1103 1334 εἵσατο
1123 1295 1246 1343 Δᾶμις

344 1367 474 1414 ἵππου,
497 1366 579 1406 ἐπεὶ
598 1364 760 1416 στέρνον
775 1365 890 1403 τοῦδε
908 1361 1087 1413 δαφοινὸς
1096 1359 1218 1411 Ἀρης

292 1435 404 1488 τύψε·
432 1433 559 1485 μέλαν
577 1431 622 1473 δέ
638 1434 674 1473 οἶ
693 1431 785 1482 αἷμα
801 1432 1033 1482 ταλαυρίνου
1052 1431 1112 1470 διὰ
1130 1430 1282 1482 χρωτὸς

347 1501 467 1553 ζέσσ),
490 1501 552 1541 ἐπὶ
571 1501 602 1541 δ’
623 1498 822 1552 ἀργαλέαν
839 1502 972 1546 βῶλον
991 1498 1123 1539 ἔδευσε
1143 1497 1258 1550 φόνῳ.

841 1596 901 1634 16.

297 1681 383 1721 ἀντί
399 1696 461 1720 τοι
480 1677 666 1730 εὐλεχέος
684 1676 870 1727 θαλάμου,
890 1680 1041 1728 σεμνῶν
1059 1677 1090 1717 θ’
1111 1676 1295 1726 ὑμεναίων

349 1746 476 1799 μάτηρ
495 1748 620 1787 στᾶσε
638 1744 750 1798 τάφῳ
767 1746 855 1796 τῷδ’
877 1745 938 1784 ἐπὶ
956 1744 1173 1796 μαρμαρίνῳ

298 1814 536 1867 παρθενικὰν,
557 1812 698 1866 μέτρον
714 1829 761 1852 τε
778 1813 869 1852 τεὸν
887 1812 951 1852 καὶ
970 1810 1119 1853 κάλλος
1139 1813 1312 1863 ἐχοῖσαν,

353 1881 484 1934 Θέρσι·
512 1880 783 1933 ποτιφθέγκτα
801 1881 833 1920 δ’
854 1879 972 1920 ἔπλεο
991 1880 1055 1920 καὶ
1074 1879 1248 1932 φθιμένα.

848 1974 907 2016 17.

301 2050 480 2110 (ἑψόμεθ’,
502 2051 530 2091 ὦ
550 2051 716 2099 Μίλητε,
737 2036 836 2101 φίλα
853 2049 979 2101 πατρὶ,
999 2049 1072 2088 τὰν
1091 2047 1298 2098 ἀθέμιστον

366 2123 445 2159 τῶν
464 2117 614 2168 ἀνόμων
632 2118 812 2158 Γαλατᾶν
830 2117 940 2168 ὕβριν
958 2115 1210 2165 ἂναινόμεναι,

304 2187 524 2241 παρθενικαὶ
542 2187 698 2238 τρισσαὶ
716 2184 946 2233 πολιήτιδες,
970 2183 1014 2225 ἃς
1033 2187 1053 2223 ὁ
1072 2183 1197 2230 βίαιος

360 2259 524 2296 Κελτῶν
543 2254 597 2296 εἷς
613 2254 762 2302 ταύτην
777 2255 912 2304 μοῖραν
930 2252 1089 2305 ἔτρεψεν
1101 2251 1228 2303 ’Ἀρης.

307 2326 352 2365 οὐ
369 2324 446 2375 ’γὰρ
466 2324 668 2373 ἐμείναμεν
687 2318 779 2378 αἷμα
795 2318 1062 2368 τὸδυσσεβὲς,
1084 2319 1161 2359 οὐδ’
1181 2316 1377 2368 Ὑμέναιον

361 2391 534 2442 νυμφίον,
557 2390 648 2430 ἀλλ’
666 2388 796 2429 Ἀΐδαν
815 2387 990 2436 καδεμόν’
1011 2385 1203 2438 εὑρόμεθα.
