1754 3002
613 671 660 728 P
675 669 821 729 RAE
838 669 1154 767 FAT103

200 920 330 975 ρυλε
352 937 431 968 rne
456 920 735 984 impulerint
757 921 821 969 ad
843 921 967 968 hanc
991 918 1186 968 Graecae
1215 934 1420 983 poeseos
1444 917 1549 966 edi-

201 1008 380 1055 tionem
399 1007 772 1071 suscipiendam,
791 1008 840 1055 in
858 1007 994 1054 initio
1014 1006 1176 1070 operis
1194 1005 1317 1054 libet
1333 1005 1550 1069 praefari.

205 1095 383 1143 Multae
425 1095 691 1143 identidem
736 1095 786 1143 in
828 1094 990 1143 lucem
1034 1094 1321 1158 prodierunt
1360 1092 1553 1140 Antho-

201 1182 346 1246 logiae
370 1182 419 1230 in
441 1183 620 1245 quibus
643 1182 914 1245 fragmenta
936 1191 1242 1229 vetustorum
1265 1180 1557 1229 Graecorum

203 1269 386 1333 optime
409 1269 731 1317 exhibentur:
761 1268 849 1315 sed
871 1267 1054 1315 nullam
1077 1267 1236 1316 adhuc
1259 1277 1429 1316 extare
1452 1266 1557 1315 edi-

206 1357 402 1411 tionem,
428 1356 476 1402 in
510 1355 607 1418 qua
638 1355 800 1402 omnia
834 1355 1138 1419 Scriptorum
1171 1354 1261 1403 Gr.
1288 1354 1558 1412 Minorum,

206 1459 375 1491 eorum
399 1442 571 1490 saltem
595 1442 679 1505 qui
708 1441 923 1489 melioris
946 1450 1075 1490 notae
1098 1440 1419 1506 appellantur,
1444 1457 1559 1489 con-

208 1530 474 1577 tinerentur
497 1546 661 1594 opera,
687 1529 773 1576 diu
806 1545 899 1592 ego
931 1528 1286 1593 deplorandum
1317 1528 1560 1593 reputavi.

209 1615 338 1670 Quae
355 1633 467 1664 cum
482 1616 550 1663 ita
569 1625 746 1672 essent,
763 1632 973 1679 cumque
990 1615 1114 1663 adeo
1132 1632 1265 1679 saepe
1283 1615 1333 1662 in
1350 1625 1565 1663 mentem

209 1703 517 1759 occurrisset,
555 1702 888 1767 cujuscunque
931 1719 1038 1751 esse
1079 1702 1275 1767 ingenii,
1311 1720 1402 1767 pro
1435 1701 1567 1751 virili

212 1799 347 1854 parte
380 1790 428 1837 in
458 1790 549 1838 hac
583 1790 785 1838 materia
811 1789 1050 1847 laborare,
1075 1799 1126 1837 et
1153 1800 1284 1838 certe
1319 1789 1565 1854 colligere,

213 1894 326 1940 quae
373 1876 540 1925 forsan
577 1876 682 1925 aliis
728 1877 1041 1925 accuratioris
1086 1894 1251 1942 operae
1291 1878 1570 1942 praeberent

213 1964 534 2020 occasionem,
564 1964 753 2012 accinxi
785 1979 863 2012 me
894 1963 958 2012 ad
988 1964 1117 2012 hunc
1145 1963 1390 2022 laborem;
1429 1963 1569 2028 cujus

214 2050 511 2099 existimatio
541 2068 848 2115 nequaquam
878 2061 954 2099 est
982 2068 1046 2099 ex
1077 2051 1284 2099 aliorum
1316 2068 1570 2115 compara-

218 2137 347 2185 tione
380 2138 689 2187 instituenda.
762 2138 890 2187 Satis
922 2138 1039 2187 mihi
1073 2138 1221 2187 fuerit
1249 2120 1572 2203 congrefgfisse

218 2225 487 2282 materiam,
535 2242 681 2290 quam
733 2225 976 2274 excelsius
1031 2225 1279 2289 quoddam
1325 2225 1572 2290 ingenium

218 2309 363 2359 altius
402 2311 626 2361 solicitet.
700 2312 851 2367 Quod
887 2313 949 2361 ad
987 2314 1365 2378 typographicos
1400 2313 1573 2361 attinet

221 2412 425 2454 errores,
451 2397 598 2462 (quos
622 2398 780 2447 nullos
804 2416 910 2447 esse
944 2399 1141 2447 minime
1173 2417 1320 2448 ausus
1352 2400 1443 2447 sim
1466 2399 1572 2464 jac-

223 2485 366 2543 tare.)
390 2495 610 2534 curatum
645 2496 733 2542 est,
759 2487 798 2533 si
832 2486 915 2550 qui
950 2486 1129 2534 inventi
1167 2486 1277 2542 sint,
1311 2496 1366 2534 ut
1400 2486 1446 2533 in
1482 2485 1574 2533 fine
