1644 2924
852 319 916 361 20

871 445 907 481 4.

406 513 558 553 πολλὸς
576 511 653 563 γὰρ
671 510 762 560 ἡμῖν
780 509 834 550 εἰς
850 507 1030 549 τεθνάναι
1048 493 1201 560 χρόνος·

570 579 693 630 ζῶμεν
713 578 744 618 δ’
764 578 906 630 ἆριθμῷ

565 649 693 699 παῦρα
712 649 838 687 κακῶς
857 644 958 685 ἔτεα.

877 783 913 821 5.

727 851 865 897 βιοτῆς
882 846 954 899 μὲν
972 847 1050 900 γὰρ

410 918 551 971 χρόνος
571 918 657 958 ἔστι
675 916 841 969 βραχύς·
869 915 1049 968 κρυφθεὶς
1067 915 1100 955 δ’
1121 913 1193 954 ὑπὸ
1211 915 1286 964 γῆς

411 989 535 1026 κεῖται
554 985 691 1033 θνητὸς
709 984 781 1024 τὸν
799 982 954 1023 ἅπαντα
972 981 1124 1035 χρόνον.

879 1119 914 1158 6.

412 1191 495 1241 ῥεῖα
515 1187 593 1229 θεοὶ
613 1186 852 1228 κλέπτουσιν
870 1186 1076 1238 ἀνθρώπων
1093 1184 1192 1225 νόον.

416 1393 483 1431 ὅτε
502 1389 666 1443 λάρνακι
685 1392 728 1430 ἐν
746 1386 934 1440 δαιδαλέᾳ
952 1387 1091 1437 ἄνεμος

418 1458 543 1512 βρέμῃ
561 1456 698 1506 πνέων,
720 1453 920 1505 κινηθεῖσά
937 1470 984 1494 τε
1003 1454 1123 1504 λίμνα

417 1527 568 1577 δείματι
585 1527 732 1578 ἤριπεν,
753 1523 832 1564 οὐδ’
853 1520 1070 1562 ἆδιάνταισι

416 1595 600 1647 παρειαῖς,
622 1591 722 1643 ἀμφί
740 1607 787 1631 τε
806 1591 955 1643 Περσεῖ
968 1587 1074 1635 βάλε

418 1661 542 1713 φίλαν
559 1659 670 1714 χέρα,
694 1657 801 1699 εἶπέν
817 1670 878 1698 τε·
905 1657 934 1697 ὦ
952 1655 1079 1704 τέκος,

419 1730 500 1791 ρ’ἴον
520 1730 600 1782 ἔχω
619 1728 750 1769 πόνον.
781 1727 831 1768 σὺ
850 1727 882 1767 δ’
903 1726 1050 1773 ἀωτεῖς,
1071 1724 1283 1776 γαλαθηνῷ
1300 1723 1336 1761 τ’

418 1799 527 1851 ἤτορι
546 1797 736 1838 κνώσσεις
755 1797 798 1836 ἐν
816 1795 979 1846 ἆτερπεῖ
993 1793 1150 1843 δώματι,

419 1863 717 1917 χαλκεογόμφῳ
736 1861 790 1910 δὲ,
813 1861 1082 1910 νυκτιλαμπεῖ,

419 1932 567 1983 κυανέῳ
584 1948 631 1971 τε
651 1930 790 1982 δνόφῳ.
820 1928 870 1969 τὺ
890 1929 922 1969 δ’
944 1926 1115 1968 αὗαλέαν

422 2003 559 2054 ὕπερθε
577 1999 672 2039 τεὰν
690 1997 814 2048 κόμαν
833 1997 995 2043 βαθεῖαν

421 2068 625 2119 παριόντος
644 2064 814 2115 κύματος
831 2064 902 2103 οὐκ
921 2061 1091 2112 ἀλέγεις,

423 2135 501 2174 οὐδ’
522 2132 663 2183 ἀνέμου
679 2129 878 2183 φθόγγων,
898 2127 1097 2181 πορφυρέᾳ

424 2201 599 2251 κείμενος
619 2201 661 2239 ἐν
679 2197 850 2250 χλανίδι,
870 2194 1078 2249 πρόσωπον
1097 2192 1231 2234 καλόν.

427 2269 461 2308 εἰ
478 2267 524 2308 δέ
538 2283 601 2307 τοι
620 2265 745 2306 δεινὸν
761 2264 860 2314 τόγε
881 2262 1005 2303 δεινὸν
1023 2261 1082 2309 ἦν,

426 2335 491 2377 καί
509 2351 577 2376 κεν
597 2336 697 2384 ἐμῶν
714 2330 896 2383 ῥημάτων
914 2330 1064 2371 λεπτὸν

428 2405 588 2455 ὑπεῖχες
607 2401 708 2449 οὖας,
729 2398 904 2450 κέλομαι,
928 2397 1025 2446 εὗδε,
1046 2395 1201 2449 βρέφος,
