1644 2924
843 294 937 338 112

241 425 364 473 vra25†
394 422 467 463 ἐὼν
493 423 614 471 δῆλος
639 421 700 471 ἣν,
725 420 812 466 εἶπέ
834 436 896 463 τε·
928 427 953 446 “
971 422 1112 470 βούλει
1134 439 1186 474 με
1214 422 1334 473 ἡδέως
1360 424 1484 465 πίνειν
1496 427 1533 471 ;”

239 491 389 545 φάντος
414 491 447 530 δ’
473 491 688 531 αὐτοῦ·-“
706 489 879 543 βραδέως
906 489 1040 531 τοίνυν
1065 490 1130 531 καὶ
1159 490 1361 544 πρόσφερέ
1382 508 1449 542 μοι
1473 492 1538 532 καὶ

239 558 413 611 ἀπόφερε
438 559 516 607 τὴν
533 557 714 599 κύλικα.”
751 558 811 599 ἔτι
836 559 942 599 πολὺ
967 560 1128 609 μᾶλλον
1145 559 1441 611 ἐρυθριάσαντος
1466 562 1539 600 τοῦ

238 626 383 675 παιδὸς,
406 625 491 666 εἷπε
515 626 611 678 πρὸς
631 626 704 667 τὸν
720 625 1096 677 συγκατακείμενον·
1126 629 1150 649 “
1171 627 1222 667 ὣς
1247 629 1378 668 καλῶς
1402 625 1535 680 Φρύνι-

238 711 315 748 χος
334 693 521 743 ἐποίησεν
539 695 663 735 εἴπας·

291 760 440 812 λάμπει
459 761 492 801 δ’
513 760 576 801 ἐπὶ
594 761 828 815 πορφυρέαις
846 761 1006 814 παρηΐσι
1024 764 1106 813 φῶς
1125 760 1304 814 ἔρωτος.”

237 829 302 870 καὶ
319 828 413 880 πρὸς
431 827 524 868 τόδε
542 829 714 879 ἠμείφθη
734 830 755 868 ὁ
773 828 988 880 Ἐρετριεὺς
1004 828 1031 877 ἢ
1049 828 1278 880 Ἐρυθραῖος,
1297 827 1538 881 γραμμάτων

236 898 310 937 ἐὼν
328 894 579 936 διδάσκαλος·
608 898 633 917 “
652 895 778 946 σοφὸς
800 894 875 946 μὲν
894 895 941 943 δὴ
970 893 1021 935 σύ
1046 909 1097 945 γε
1126 894 1171 943 εἶ,
1192 895 1222 935 ὦ
1241 897 1471 948 Σοφόκλεις,
1495 897 1537 935 ἐν

236 963 406 1011 ποιήσει·
434 962 535 1012 ὅμως
551 961 626 1013 μέν
642 978 705 1003 τοι
722 977 774 1013 γε
796 963 868 1003 οὐκ
887 961 931 1002 εὖ
949 962 1079 1015 εἴρηκε
1095 960 1295 1014 Φρύνιχος,
1317 962 1537 1016 πορφυρέας

237 1031 355 1072 εἰπὼν
371 1030 444 1072 τὰς
461 1027 630 1080 γνάθους
655 1031 728 1071 τοῦ
754 1031 890 1070 καλοῦ.
922 1029 957 1070 εἰ
973 1029 1052 1082 γὰρ
1079 1031 1100 1070 ὁ
1129 1028 1334 1083 ζωγράφος
1359 1032 1537 1083 χρώματι

235 1096 438 1151 πορφυρέῳ
459 1098 678 1149 ἐναλείψειε
703 1097 813 1137 τουδὶ
840 1099 912 1137 τοῦ
938 1097 1074 1139 παιδὸς
1099 1097 1172 1139 τὰς
1189 1096 1369 1148 γνάθους,
1391 1100 1461 1140 οὐκ
1489 1100 1537 1141 ἃν

237 1166 296 1207 ἔτι
315 1165 438 1206 καλὸς
456 1164 645 1215 φαίνοιτο.
676 1162 722 1204 οὗ
741 1162 866 1216 κάρτα
883 1166 947 1204 δεῖ
958 1164 1007 1205 τὸ
1026 1165 1152 1206 καλὸν
1167 1167 1224 1217 τῷ
1240 1166 1296 1216 μὴ
1315 1167 1425 1218 καλῷ
1443 1175 1533 1219 φαι-

237 1232 384 1295 νομένῳ
410 1230 614 1282 εἰκάζειν.”
645 1230 899 1282 ἀναγελάσας
927 1233 990 1272 ἐπὶ
1016 1235 1074 1284 τῷ
1098 1234 1289 1286 Ἐρετριεῖ
1311 1236 1536 1286 Σοφοκλῆς·

237 1305 262 1324 “
281 1300 370 1341 οὐδὲ
396 1299 489 1340 τόδε
515 1314 579 1339 σοι
606 1299 764 1350 ἀρέσκει
782 1299 867 1352 ἄρα,
888 1299 918 1340 ὦ
943 1298 1040 1351 ξένε,
1060 1299 1108 1341 τὸ
1134 1299 1391 1352 Σιμωνίδειον,
1413 1299 1538 1353 κάρτα

237 1367 375 1410 δοκέον
390 1370 474 1409 τοῖς
483 1366 688 1417 Ἕλλησιν
706 1366 750 1407 εὖ
769 1366 964 1418 εἷρῆσθαις

289 1434 509 1488 πορφυρέου
526 1434 603 1475 ἀπὸ
623 1433 822 1485 στόματος
840 1436 945 1475 ἱεῖσα
962 1435 1095 1486 φωνὰν
1111 1434 1309 1487 παρθένος.

236 1504 315 1544 οὐδ’
346 1505 367 1543 ὁ
395 1502 570 1550 ποιητὴς,
595 1501 684 1553 ἔφη,
714 1500 847 1551 λέγων
872 1499 1127 1552 χρυσοκόμαν
1147 1501 1405 1548 Ἀπόλλωνας
1434 1517 1531 1553 χρυ-

236 1570 330 1612 σέας
348 1570 426 1622 γὰρ
455 1569 489 1609 εἰ
517 1567 702 1618 ἐποίησεν
721 1570 742 1608 ὁ
770 1566 976 1619 ζωγράφος
1002 1568 1074 1610 τὰς
1099 1571 1173 1609 τοῦ
1199 1571 1290 1610 θεοῦ
1314 1569 1447 1620 κόμας,
1469 1570 1534 1610 καὶ

235 1638 291 1688 μὴ
308 1635 509 1688 μελαίνας,
529 1637 666 1688 χεῖρον
683 1635 732 1675 ἂν
749 1634 800 1683 ἦν
816 1634 864 1675 τὸ
884 1633 1137 1687 ζωγράφημα.
1167 1634 1256 1676 οὐδὲ
1286 1638 1308 1676 ὁ
1327 1637 1404 1688 φὰς
1421 1638 1531 1688 ῥοδο-

235 1703 454 1750 &Ammon
486 1702 520 1742 εἲ
537 1700 616 1754 γάρ
633 1718 694 1743 τις
721 1702 776 1743 εἷς
800 1701 936 1754 ῥόδεον
953 1704 1093 1754 χρῶμα
1119 1700 1261 1755 βάψειε
1277 1703 1371 1744 τοὺς
1390 1703 1530 1744 δακτύ-

233 1781 339 1820 λους,
351 1768 659 1824 πορφυροβάφου
664 1772 812 1822 χεῖρας,
827 1769 891 1810 καὶ
904 1771 949 1809 οὗ
959 1770 1143 1820 γυναικὸς
1158 1773 1296 1820 καλῆς,
1310 1771 1528 1820 ποιήσειε.”

234 1837 496 1890 γελασάντων
522 1836 576 1886 δὲ,
598 1839 620 1877 ὁ
645 1836 719 1888 μὲν
745 1837 961 1889 Ἐρετριεὺς
992 1836 1168 1886 ἐνωπήθη
1195 1832 1247 1890 τῇ
1275 1838 1528 1890 ἐπιῤῥαπίσει,

235 1909 257 1947 ὅ
276 1905 319 1946 δὲ
345 1903 468 1945 πάλιν
483 1906 556 1945 τοῦ
572 1903 708 1945 παιδὸς
725 1905 782 1956 τῷ
799 1903 910 1955 λόγῳ
938 1905 1084 1956 εἴχετο.
1115 1905 1240 1957 εἴρετο
1258 1904 1336 1957 γάρ
1353 1921 1431 1955 μιν,
1453 1906 1529 1946 ἀπὸ

234 1977 308 2023 τῆς
335 1973 495 2014 κύλικος
514 1970 661 2025 κάρφος
687 1972 743 2023 τῷ
768 1973 890 2023 μικρῷ
917 1971 1098 2022 δακτύλῳ
1127 1971 1423 2024 ἀφαιρετέοντα·
1452 1977 1477 1996 “
1498 1974 1533 2013 εἰ

235 2040 382 2093 καθορᾷ
415 2039 465 2079 τὸ
502 2037 650 2091 κάρφος
661 2041 699 2086 ;”
740 2037 889 2090 φάντος
925 2037 968 2078 δὲ
1003 2039 1265 2090 καθορᾷν·-“
1290 2039 1366 2078 ἀπὸ
1400 2040 1532 2080 τοίνυν

235 2107 419 2159 φύσησον
434 2106 540 2155 αὐτὸ,
560 2106 625 2146 ἵνα
641 2106 696 2156 μὴ
714 2103 902 2146 πλύνοιτο
921 2107 942 2145 ὅ
961 2104 1156 2146 δάκτυλός
1174 2108 1286 2146 σου.”
1326 2121 1528 2159 προσαγα-

233 2174 379 2226 γόντος
398 2176 430 2214 δ’
448 2174 568 2213 αὐτοῦ
581 2173 629 2212 τὸ
647 2172 856 2225 πρόσωπον
869 2174 965 2225 πρὸς
978 2173 1053 2222 τὴν
1066 2172 1220 2222 κύλικα,
1239 2173 1439 2226 ἐγγυτέρω
1457 2175 1532 2222 τὴν

236 2240 379 2282 κύλικα
404 2241 477 2280 τοῦ
504 2241 646 2280 ἑαυτοῦ
672 2239 872 2290 στόματος
889 2238 1000 2290 ἦγεν,
1019 2240 1084 2280 ἵνα
1103 2240 1149 2288 δὴ
1169 2240 1195 2288 ἡ
1215 2241 1373 2292 κεφαλὴ
1391 2242 1444 2294 τῇ
1462 2256 1527 2280 κε·

237 2309 348 2361 φαλῇ
368 2306 567 2359 ἀσσοτέρα
583 2305 757 2357 γένηται,
787 2309 838 2348 ὣς
865 2305 907 2346 δὲ
934 2305 984 2354 ἦν
1002 2307 1040 2346 ot
1058 2306 1183 2359 κάρτα
1197 2307 1384 2356 πλησίον,
1405 2323 1526 2359 προσ-

235 2377 374 2424 λαβὼν
393 2376 446 2428 τῇ
469 2374 584 2427 χειρὶ,
606 2376 810 2426 ἐφίλησεν.
841 2374 1181 2427 ἐπικροτησάντων
1207 2375 1250 2417 δὲ
1274 2373 1430 2416 πάντων
1456 2375 1529 2415 σὺν
