1644 2924
905 299 967 343 32

902 428 965 467 60.

398 494 548 534 Βοίδιον
566 494 753 546 ἦῦλητρὶς
770 495 835 535 καὶ
854 495 1008 544 Πυθιὰς,
1029 496 1073 536 αἵ
1086 497 1174 536 ποτ’
1196 497 1368 549 ἐρασταὶ,

451 561 526 610 σοὶ,
548 561 683 614 Κύπρι,
702 562 774 603 τὰς
792 561 913 612 ζώνας
929 561 1003 604 τάς
1019 579 1066 603 τε
1084 565 1240 616 γραφὰς
1258 564 1408 605 ἔθεσαν.

398 628 541 682 ἔμπορε
559 629 624 669 καὶ
643 628 832 681 φορτηγὲ,
851 630 900 669 τὸ
919 630 991 670 σὸν
1009 629 1255 676 βαλλάντιον
1273 630 1379 672 οἶδεν

451 697 516 738 καὶ
533 699 652 738 πόθεν
670 697 711 737 αἱ
728 696 854 747 ζῶναι,
874 698 938 738 καὶ
956 696 1076 738 πόθεν
1093 699 1131 738 οἱ
1147 697 1317 739 πίνακες.

903 834 966 873 61.

399 902 537 953 Εὗφρὼ
556 901 620 940 καὶ
639 901 733 942 Θαῒς
751 900 815 941 καὶ
834 900 995 950 Βοίδιον,
1017 902 1057 942 αἱ
1074 901 1290 952 Διομήδους

452 971 595 1020 γραῖαι,
615 969 841 1021 ναυκλήρων
859 967 1025 1010 ὁλκάδες
1045 968 1246 1021 εἰκόσοροι,

390 1037 519 1085 Ἀπιν,
541 1037 604 1076 καὶ
618 1039 879 1088 Κλεοφῶντα,
900 1037 964 1076 καὶ
981 1036 1237 1089 Ἀνταγόρην,
1258 1035 1310 1077 ἕν’
1331 1035 1492 1085 ἑκάστη,

451 1103 631 1154 γυμνοὺς,
653 1106 834 1154 νανηγῶν
850 1103 1034 1152 ἥσσονας,
1057 1103 1258 1155 ἐξέβαλον.

398 1171 507 1212 ἀλλὰ
525 1171 599 1212 σὺν
617 1173 751 1212 αὗταῖς
770 1171 882 1219 νηυσὶ
901 1172 953 1212 τὰ
970 1171 1166 1225 λῃστρικὰ
1183 1174 1255 1220 τῆς
1273 1171 1505 1224 Ἀφροδίτης

451 1239 638 1292 φεύγετε·
665 1237 857 1290 Σειρήνων
875 1239 958 1297 αἵδε
975 1238 1053 1291 γὰρ
1073 1238 1310 1291 ἐχθρότεραι.

906 1375 969 1412 62.

398 1440 424 1489 ἧ
443 1443 516 1481 σεῦ
533 1441 598 1480 καὶ
617 1438 802 1492 φθιμένας
819 1439 929 1480 λεύκ’
948 1438 1071 1480 ὀστέα
1087 1439 1178 1490 τῷδ’
1197 1440 1253 1480 ἐνὶ
1271 1438 1409 1491 τύμβῳ

450 1509 549 1548 ἵσκω
569 1507 628 1547 ἔτι
645 1505 823 1559 τρομέειν
841 1509 966 1559 θῆρας,
988 1507 1175 1559 ἆγρῶστα
1191 1504 1333 1547 Λυκάς·

398 1575 473 1616 τὰν
491 1575 523 1615 δ’
543 1574 685 1627 ἀρετὰν
702 1572 807 1614 οἶδεν
822 1573 930 1625 μέγα
947 1574 1108 1623 Πήλιον,
1130 1572 1156 1614 ἄ
1172 1574 1208 1614 τ’
1228 1574 1410 1626 ἆρίδαλος

445 1642 592 1690 ”Ocu-a,
615 1640 845 1693 Κιθαιρῶνός
861 1642 898 1681 τ’
918 1639 1086 1692 οῗονόμοι
1105 1641 1275 1682 σκοπιαί.

906 1751 969 1789 63.

399 1821 519 1870 γνῶθι
538 1818 747 1871 Θεόκριτον
764 1819 967 1870 προσιδὼν,
987 1818 1059 1858 τὸν
1074 1816 1380 1868 Ὀλυμπιονίκαν

454 1888 583 1934 παῖδα,
603 1883 926 1936 παλαισμοσύνας
945 1885 1068 1936 δεξιὸν
1084 1884 1258 1936 ἡνίοχον,

403 1954 624 1996 κάλλιστον
639 1953 713 2003 μὲν
731 1953 836 2002 ἰδεῖν,
859 1953 993 1994 ἀθλεῖν
1011 1953 1043 1992 δ’
1063 1953 1107 1993 οὗ
1125 1953 1287 2004 χείρονα
1302 1953 1464 2004 μορφᾶς,

455 2022 498 2063 ὃς
515 2020 693 2072 πατέρων
710 2021 866 2072 ἀγαθῶν
885 2019 1138 2072 ἐστεφάνωσε
1155 2018 1282 2060 πόλιν.

909 2115 972 2153 64.

405 2185 597 2236 Στροίβου
613 2184 694 2230 παῖ,
714 2181 795 2222 τόδ’
815 2181 989 2232 ἄγαλμα,
1009 2181 1244 2233 Λεώκρατες,
1266 2180 1345 2221 εὖτ’
1366 2181 1553 2231 ἀνέθηκας

457 2251 586 2303 Ἑρμῇ,
608 2247 872 2299 καλλικόμους
891 2249 961 2288 οὐκ
982 2247 1120 2288 ἔλαθες
1137 2246 1317 2300 Χάριτας,

405 2319 486 2358 οὔτ’
503 2319 762 2367 Ἀκαδημείαν
779 2315 1018 2367 πολυγαθέα,
1038 2318 1110 2364 τῆς
1129 2317 1171 2355 ἐν
1189 2316 1350 2367 ἀγοστῷ

461 2386 536 2434 σὺν
555 2384 783 2437 εὐεργεσίην
799 2385 855 2435 τῷ
873 2382 1073 2436 προσιόντι
1091 2382 1209 2433 λέγω.
