1644 2924
817 298 879 346 72

253 429 340 470 ἔστι
359 429 432 480 βίῳ
451 430 530 468 πᾶν
550 427 679 479 ἔργον,
702 426 801 466 ἐπὰν
817 426 985 476 μοχθεῖν
1005 422 1214 471 ἐθέλησθα.

253 497 439 537 ναυτίλος
459 497 493 536 εἶ
509 495 659 535 πλώειν
679 491 838 540 ἐθέλεις,
861 492 989 544 εὔρεῒα
1008 488 1208 530 θάλασσα·

257 563 291 603 εἶ
310 563 353 603 δὲ
371 561 594 613 γεωπονίην
610 558 804 611 μεθέπειν,
823 559 969 610 μακραί
986 573 1049 597 τοι
1069 557 1235 609 ἄρουραι.

256 629 370 671 οὐδὲν
388 631 482 671 ἄνευ
500 628 679 679 καμάτου
695 626 812 667 πέλει
830 623 1015 678 ἀνδράσιν
1034 623 1196 664 εὐπετὲς
1216 622 1344 674 ἔργον,

258 697 337 737 οὐδ’
358 699 491 737 αὐτοῖς
508 693 743 747 μακάρεσσι·
771 691 891 733 πόνος
909 692 942 731 δ’
963 692 1106 744 ἀρετὴν
1124 690 1214 741 μέγ’
1235 688 1415 741 ὀφέλλει.

257 754 466 815 μύρμηκες,
487 761 605 812 γαίης
622 760 826 812 μυχάτους
843 758 1155 811 προλελοιπότες
1173 757 1313 802 οἴκους,

258 830 444 882 ἔρχονται
462 829 613 876 βιότοιο
633 826 880 878 κεχρημένοι,
911 824 1052 866 ὁππότ’
1071 825 1239 876 ἄρουραι,

259 898 356 944 λήῖα
374 895 607 948 κειράμεναι,
629 896 785 945 καρπῶν
803 892 1024 940 πλήθουσιν
1043 889 1187 931 ἂλωάς·

259 964 297 1003 οἱ
316 963 348 1002 δ’
369 963 479 1003 αὐτοὶ
498 963 633 1012 πυροῖο
653 959 854 1011 νεοτριβὲς
872 960 998 1010 ἄχθος
1016 957 1191 1009 ἔχουσιν,

259 1030 285 1078 ἢ
305 1032 457 1082 κριθῶν·
485 1028 560 1068 αἰεὶ
579 1026 623 1067 δὲ
642 1026 771 1079 φέρων
789 1023 985 1077 φορέοντα
1002 1025 1143 1072 διώκει,

262 1098 306 1135 ἐκ
327 1094 457 1147 θέρεος
475 1093 568 1134 ποτὶ
586 1094 711 1144 χεῖμα
728 1092 854 1144 βορὴν
869 1089 1070 1142 σφετέρην
1089 1088 1320 1140 ἐπάγοντες,

262 1163 435 1213 ἄτρυτοι·
463 1162 594 1211 φῦλον
612 1159 645 1198 δ’
665 1157 807 1207 ὀλίγον
823 1155 980 1197 τελέθει
998 1155 1268 1207 πολύμοχθον.

262 1227 401 1277 κάμνει
420 1227 452 1266 δ’
472 1227 695 1277 ἠεροφοῖτις
714 1222 971 1276 ἇριστοπόνος
988 1238 1035 1262 τε
1053 1221 1231 1272 μέλισσα

261 1292 309 1341 ἠὲ
327 1292 474 1344 πέτρης
492 1291 631 1339 κοίλης
646 1291 750 1331 κατὰ
767 1289 960 1342 χηραμὸν,
980 1289 1006 1337 ἢ
1026 1286 1272 1335 δονάκεσσιν,

264 1360 290 1407 ἢ
311 1360 421 1411 δρυὸς
440 1357 616 1408 ὠγυγίης
634 1357 737 1397 κατὰ
756 1354 950 1403 κοιλάδος,
974 1355 1099 1395 ἔνδοθι
1118 1353 1303 1404 σίμβλων
1329 1357 1342 1363 “

265 1426 434 1476 σμήνεσι
451 1424 691 1476 μυριότρητα
708 1423 796 1463 κατ’
816 1422 950 1472 ἄγγεα
967 1423 1249 1472 κηροδομοΰσα.

318 1491 374 1540 μὴ
391 1490 527 1541 μείνῃς
546 1489 711 1539 ἄγαμος,
732 1488 787 1538 μή
805 1503 886 1528 πως
905 1487 1099 1536 νώνυμνος
1117 1486 1246 1534 ὄληαι.

267 1557 332 1599 δός
349 1573 390 1597 τι
409 1557 527 1608 φύσει
546 1556 582 1596 κ’
601 1555 733 1596 αὐτός·
759 1553 854 1594 τέκε
873 1553 907 1593 δ’
927 1553 1107 1603 ἔμπαλιν,
1129 1554 1181 1593 ὡς
1199 1550 1431 1603 ἐλοχεύθης.

319 1625 374 1673 μὴ
394 1621 705 1674 προαγωγεύσῃς
724 1621 880 1672 ἄλοχον
897 1619 979 1667 σέο,
999 1618 1123 1659 τέκνα
1139 1618 1313 1669 μιαίνων·

269 1692 314 1730 οὔ
333 1690 410 1741 γὰρ
428 1688 556 1729 τίκτει
574 1690 716 1729 παῖδας
735 1687 889 1737 ὁμοίους
906 1685 1072 1737 μοιχικὰ
1089 1683 1249 1736 λέκτρα.

269 1757 458 1808 μητρυιῆς
475 1755 531 1805 μὴ
550 1756 651 1806 ψαῦε
667 1753 721 1794 τὰ
740 1753 904 1805 δεύτερα
921 1750 1072 1802 λέκτρα
1089 1752 1248 1801 γονῆος·

268 1821 421 1874 μητέρα
439 1821 471 1861 δ’
492 1823 553 1869 ὡς,
573 1821 671 1871 τίμα
687 1820 764 1867 τὴν
780 1806 949 1869 μητέρος
965 1819 1078 1868 ἴχνια
1095 1818 1239 1863 βᾶσαν.

268 1887 369 1939 μηδὲ
389 1886 633 1937 κασιγνήτης
653 1888 693 1927 ἐς
711 1884 936 1937 ἀπότροπον
955 1882 1122 1933 ἐλθέμεν
1140 1882 1266 1930 εὐνήν.

270 1954 359 2004 μήδ’
381 1953 444 1993 ἐπὶ
463 1953 710 1993 παλλακίσιν
727 1951 875 2002 πατρὸς
891 1948 1088 2001 λεχέεσσι
1105 1949 1272 1998 μιγείης.

272 2019 372 2070 μηδὲ
391 2019 492 2069 γυνὴ
512 2017 650 2071 φθείρῃ
669 2016 817 2070 βρέφος
837 2016 1007 2068 ἔμβρυον
1019 2015 1146 2055 ἔνδοθι
1163 2015 1349 2066 γαστρὸς,

271 2085 373 2137 μηδὲ
391 2087 566 2126 τεκοῦσα
584 2085 674 2125 κυσὶ
693 2083 785 2136 ῥίψῃ
804 2082 869 2123 καὶ
887 2083 1009 2134 γυψὶν
1028 2081 1166 2133 ἕλωρα.

272 2154 361 2203 μήδ’
381 2151 430 2193 αὖ
447 2151 685 2202 παιδογόνον
703 2149 801 2190 ποτὲ
818 2148 976 2199 τέμνειν
994 2148 1141 2200 ἄρσενα
1159 2150 1308 2199 κοῦρον.

274 2218 465 2277 μηδὲτεῇ
483 2217 624 2270 ἀλόχῳ
645 2216 832 2268 ἐγκύμονι
850 2217 968 2268 χεῖρα
985 2214 1141 2262 βάλοιο.

275 2285 363 2336 μήδ’
383 2283 547 2335 ἀλόγοις
566 2284 699 2335 §duam
717 2282 907 2334 βατήριον
925 2283 967 2322 ἐς
985 2280 1111 2333 λέχος
1130 2281 1269 2321 ἔλθοις.

275 2352 363 2403 μήδ’
385 2350 518 2405 ὕβριζε
537 2353 707 2402 γυναῖκα
726 2350 785 2391 ἐπ’
807 2349 1036 2400 αἷσχυντοῖς
1054 2347 1256 2400 χείλεσσι.
