1644 2924
858 317 922 360 34

290 441 474 484 ἀθάνατοι
494 444 525 483 δ’
547 443 726 484 ἀνένευον
745 444 982 493 ἀνηνύστους
1002 447 1235 498 ἑκατόμβας.

290 509 472 559 εἰλαπίνη
491 511 524 550 δ’
545 511 728 561 ἐπίδημος
748 511 816 560 ἔην
834 513 898 552 καὶ
919 513 1121 565 ἀμήχανος
1141 517 1258 568 ὕβρις,

290 579 398 630 ὕβρις
418 578 683 632 ἐλαφρίζουσα
700 580 822 630 μέθην
841 581 1056 634 λυσήνορος
1075 584 1190 631 οἴνου,

288 644 455 698 ἀφραδίῃ
473 662 520 686 τε
538 647 728 695 βέβυστο,
749 647 997 700 μεθημοσύνῃ
1016 665 1063 689 τε
1082 651 1242 701 κεχήνει

287 713 399 752 πᾶσα
415 711 544 754 πόλις·
571 712 728 754 πυλέων
746 715 778 754 δ’
798 714 950 766 ὀλίγας
969 715 1194 767 φυλάκεσσι
1211 717 1392 767 μεμήλει·

284 779 360 826 ἤδη
379 778 456 831 γὰρ
474 780 539 820 καὶ
559 779 714 832 φέγγος
733 781 881 822 ἐδύετο·
910 783 1084 832 δαιμονίη
1103 783 1146 823 δὲ

280 844 409 886 Ἴλιον
428 845 603 896 αἰπεινὴν
621 847 876 889 ὃλεσίπτολις
895 848 1129 900 ἀμφέβαλεν
1147 850 1223 902 νύξ.

284 913 442 966 Ἀργείῃ
463 914 496 953 δ’
512 913 652 967 Ἑλένῃ
671 915 812 955 πολιὸν
830 915 948 966 δέμας
966 916 1188 966 ἀσκήσασα,

285 979 386 1027 ἦλθε
405 981 722 1034 δολοφρονέουσα
738 982 1032 1035 πολυφράδμων
1044 985 1268 1038 Ἀφροδίτη,

284 1049 329 1087 ἐκ
349 1047 391 1088 δὲ
411 1047 691 1099 καλεσσαμένη
709 1049 890 1102 προσέφη
909 1051 1110 1102 πειθήμονι
1128 1054 1253 1106 φωνῇ·

340 1119 365 1138 “
384 1116 516 1168 νύμφα
534 1118 645 1168 φίλη,
666 1116 802 1158 καλέει
821 1132 869 1158 σε
887 1118 1002 1160 πόσις
1021 1118 1225 1160 Μενέλαος
1243 1119 1408 1172 ἀγήνωρ,

282 1183 387 1234 ἵππῳ
406 1184 598 1237 δουρατέῳ
617 1184 933 1236 κεκαλυμμένος·
952 1187 1050 1240 ἀμφὶ
1071 1188 1103 1227 δ’
1122 1188 1293 1239 Ἀχαιῶν

283 1249 477 1301 ἡγεμόνες
495 1250 674 1303 λοχόωσι
692 1255 793 1293 τεῶν
810 1256 1032 1306 μνηστῆρες
1051 1253 1212 1295 ἀέθλων.

283 1317 378 1358 ἀλλ’
395 1318 458 1367 ἴθι,
479 1318 579 1369 μηδὲ
597 1319 638 1360 τί
655 1336 719 1360 τοι
737 1318 893 1370 μελέτω
912 1319 1096 1373 Πριάμοιο
1116 1320 1313 1372 γέροντος,

281 1385 374 1435 μήτ’
393 1385 530 1427 ἄλλων
547 1387 694 1440 Τρώων,
714 1387 805 1438 μήτ’
826 1389 945 1428 αὐτοῦ
963 1388 1196 1439 Δηϊφόβοιο·

280 1453 357 1501 ἤδη
375 1451 453 1504 γάρ
471 1468 520 1493 σε
537 1453 670 1504 δίδωμι
686 1454 925 1504 πολυτλήτῳ
944 1453 1174 1506 Μενελάῳ.”

334 1521 385 1561 ὣς
403 1518 557 1572 φαμένη
576 1519 662 1561 θεὸς
680 1519 786 1562 αὖθις
805 1520 1029 1573 ἀνέδραμεν·
1056 1522 1082 1570 ἦ
1102 1522 1156 1570 δὲ,
1179 1523 1329 1564 δόλοισι

281 1587 505 1638 θελγομένη
525 1587 694 1640 κραδίην,
717 1587 893 1640 θάλαμον
910 1590 1003 1630 λίπε
1023 1591 1213 1639 κηώεντα·

282 1656 348 1696 καὶ
367 1656 405 1696 οἴ
423 1656 627 1709 Δηΐφοβος
644 1655 759 1698 πόσις
779 1658 924 1698 εἵπετο·
951 1659 1026 1707 τὴν
1045 1658 1087 1699 δὲ
1106 1662 1267 1701 κιοῦσαν

278 1720 454 1775 Τρῳάδες
473 1723 735 1775 ἑλκεχίτωνες
754 1724 972 1773 ἐθηήσαντο
991 1728 1183 1776 γυναῖκες.

277 1789 305 1838 ἡ
324 1790 357 1829 δ’
376 1789 484 1830 ὁπόθ’
505 1790 764 1845 ὑψιμέλαθρον
785 1793 824 1833 ἐς
843 1793 945 1843 ἱερὸν
962 1792 1084 1840 ἦλθεν
1103 1794 1276 1843 Ἀθήνης,

281 1857 381 1907 ἔστη
399 1858 672 1900 παπταίνουσα
690 1859 794 1912 φνὶιν
813 1859 991 1912 εὖήνορος
1008 1861 1138 1901 ἵππου.

277 1924 361 1976 τρὶς
380 1922 423 1964 δὲ
441 1924 749 1978 περιστείχουσα
766 1927 831 1967 καὶ
849 1928 1049 1980 Ἀργείους
1068 1927 1262 1980 ἐρέθουσα,

277 1991 409 2033 πάσας
425 1992 618 2043 ἠΰκόμους
637 1992 813 2046 ἀλόχους
832 1993 1021 2045 ὀνόμαζεν
1037 1996 1208 2047 Ἀχαιῶν

278 2061 392 2113 φωνῇ
409 2060 628 2114 λεπταλέῃ·
646 2062 709 2101 τοὶ
728 2063 760 2102 δ’
781 2061 905 2102 ἔνδοθι
924 2062 1042 2112 θυμὸν
1061 2063 1239 2114 ἄμυσσον

279 2127 719 2179 ἀλγεινοὶ,κατέχοντες
739 2128 906 2179 ἐελμένα
925 2129 1070 2181 δάκρυα
1088 2132 1194 2183 σιγῇ.

279 2194 417 2235 ἔστενε
435 2193 508 2243 μὲν
526 2193 739 2244 Μενέλαος,
762 2195 846 2235 ἐπεὶ
865 2195 963 2236 κλύε
981 2198 1259 2250 Τυνδαρεώνης,

277 2263 394 2302 κλαῖε
413 2259 455 2301 δὲ
473 2260 655 2309 Τυδείδης
672 2260 914 2312 μεμνημένος
933 2263 1172 2314 Αἷγιαλείης,

277 2329 423 2378 οὔνομα
442 2327 474 2367 δ’
496 2327 705 2376 ἐπτοίησεν
722 2328 920 2369 Ὀδυσσέα
939 2331 1218 2381 Πηνελοπείης.
1289 2374 1291 2377 ,

270 2395 482 2436 ’Ἄντικλος
501 2396 545 2443 δ’,
567 2395 635 2436 ὅτε
655 2395 814 2448 κέντρον
835 2395 992 2447 ἐδέξατο
1010 2400 1259 2450 Λαοδαμείης,
