1644 2924
818 312 910 357 142

218 439 450 492 ἐκλέξασθαι
468 438 544 481 τὰν
559 439 878 490 ἐπιτηδειοτάτην
894 441 958 482 καὶ
973 440 1164 496 καθάριον,
1177 443 1236 484 ἔτι
1255 443 1298 486 δὲ
1316 445 1381 488 καὶ
1396 446 1501 495 2184,-

216 523 330 557 μονα,
357 508 422 548 καὶ
458 508 514 558 μὴ
544 509 667 560 ὕπνῳ]
678 508 1054 560 προσοικειουμέναν,
1091 511 1191 560 μηδὲ
1222 512 1300 562 μὰν
1323 513 1432 566 μέθᾳ.
1479 514 1506 554 ἃ

216 574 350 616 τοιάδε
366 575 444 628 γὰρ
462 575 510 616 av
527 576 694 628 κρίνοιτο
713 575 905 629 κράτιστα
932 578 1057 618 ποττὸ
1091 578 1279 631 ἐκτρέφεν
1298 580 1506 633 ἐλευθέρως

216 645 367 691 παῖδας,
389 641 457 683 ἐάν
474 657 526 694 γε
543 643 591 692 δὴ
609 642 720 694 γάλα
733 642 924 697 τρόφιμον
941 644 1030 698 ἔχῃ,
1062 646 1127 686 καὶ
1150 647 1205 696 μὴ
1221 649 1307 688 ταῖς
1325 648 1420 701 πρὸς
1435 651 1502 690 ἄν-

217 710 288 764 δρα
316 711 464 752 κοίταις
490 711 690 754 εὗνίκατος
713 711 832 766 πέλῃ·
857 711 1020 764 μεγάλα
1035 713 1113 766 γὰρ
1128 713 1245 766 μέρος
1264 717 1306 755 ἐν
1322 717 1422 767 τῷδε
1441 718 1503 757 καὶ

213 780 349 831 πρώτα
366 780 432 820 καὶ
461 779 876 833 προκαταρκτικωτέρα
899 782 939 822 ἐς
963 781 1062 821 ὅλαν
1082 781 1157 822 τὰν
1173 782 1313 828 βιοτὰν
1329 783 1443 824 πέλει
1463 786 1506 824 ἐν

214 849 272 900 τᾷ
295 848 499 900 τρεφοίσᾳ,
532 850 666 887 ποττῶ
693 849 820 888 καλοῦ
847 850 1061 900 τραφῆμεν.
1108 850 1263 898 ποιήσει
1281 851 1358 902 γὰρ
1375 851 1505 891 πάντα

216 915 324 956 καλὰ
343 917 386 956 ἐν
402 919 459 966 τῷ
486 914 710 956 ποτεοικότι
739 916 867 968 καιρῷ.
913 916 985 956 τὸν
1001 915 1135 957 τιτθόν
1151 933 1198 957 τε
1215 918 1279 958 καὶ
1297 917 1421 969 μαζὸν
1439 920 1503 960 καὶ

213 982 365 1035 τροφὰν
382 981 511 1034 δόμεν,
525 984 581 1034 μὴ
596 982 720 1024 καττὺ
745 984 917 1033 ἐπενθὸν,
931 984 1041 1025 ἀλλὰ
1059 985 1162 1035 μετὰ
1178 986 1284 1027 τινὸς
1311 987 1502 1039 προνοίας.

215 1050 317 1091 οὕτω
335 1051 413 1103 γὰρ
432 1052 472 1092 ἐς
489 1050 639 1101 ὑγίειαν
657 1051 739 1102 ἄξει
755 1052 805 1092 τὸ
822 1051 980 1105 βρέφος.
1027 1052 1083 1102 μὴ
1102 1052 1171 1093 ὅτε
1190 1053 1290 1095 αὐτὰ
1308 1053 1414 1095 θέλει
1433 1069 1501 1095 κα-

215 1120 359 1167 θεῦδεν,
381 1120 545 1167 νικῆται,
576 1119 670 1159 ἀλλ’
700 1117 849 1160 ὁπόταν
875 1121 924 1160 τὸ
953 1120 1116 1171 νεογνὸν
1148 1121 1386 1163 ἀναπαύσιος
1419 1121 1505 1174 ἔρον

215 1185 315 1238 ἔχει.
363 1187 408 1227 οὗ
424 1189 561 1239 μικρὸν
577 1186 654 1239 γὰρ
673 1187 767 1228 ἄκος
784 1188 841 1238 τῷ
851 1187 958 1228 παιδὶ
971 1189 1184 1240 προσοίσει.
1231 1188 1334 1230 ἔστω
1352 1188 1396 1230 δὲ
1412 1189 1504 1240 μήτ’

214 1252 359 1306 ὀργίλα
375 1254 524 1302 τιθανὰ,
543 1253 646 1304 μήτε
674 1253 948 1307 πρόγλωσσος,
967 1254 1069 1305 μήτε
1097 1257 1140 1296 ἐν
1169 1258 1255 1296 ταῖς
1272 1259 1352 1297 τῶν
1370 1257 1504 1298 σιτίων

211 1323 383 1374 λήψεσιν
401 1320 619 1374 ἀδιάφορος,
648 1322 758 1362 ἁλλὰ
779 1322 1007 1373 τεταγμένα
1021 1322 1087 1363 καὶ
1106 1323 1281 1375 σώφρων.
1329 1326 1502 1364 δυνατῶν

211 1388 256 1430 δὲ
275 1390 408 1438 ὄντων,
427 1390 482 1440 μὴ
501 1388 710 1443 βάρβαρος,
726 1391 836 1431 ἀλλὰ
852 1390 1047 1440 Ἑλληνίς.
1083 1392 1244 1445 ἄριστον
1262 1392 1331 1433 ἐὰν
1347 1392 1412 1433 καὶ
1430 1394 1504 1433 τοῦ

209 1455 417 1508 γάλακτος
433 1461 619 1510 χρηστῶς
644 1457 920 1510 πιμπλάμενον
935 1459 984 1499 τὸ
1002 1461 1176 1510 νεογνὸν,
1191 1461 1314 1501 οὕτως
1328 1462 1368 1501 ἐς
1382 1461 1502 1500 ὕπνον

208 1524 410 1577 τρέπηται.
458 1525 568 1566 ἁδεῖα
585 1527 663 1579 γὰρ
681 1526 782 1568 νέοις
800 1527 932 1568 ἄνεσις
949 1527 1015 1568 καὶ
1034 1526 1349 1579 εὔκατέργαστος
1365 1526 1391 1567 ἃ
1416 1543 1497 1568 τοι-

211 1592 282 1633 άδε
301 1594 466 1635 σίτασις.
514 1594 555 1634 αἴ
577 1594 622 1635 δέ
644 1597 738 1647 'tax'
771 1594 912 1646 ἁτέραν
941 1594 1058 1646 δόμεν
1081 1595 1174 1648 χρὴ,
1205 1594 1498 1636 ἃπλουστάταν.

211 1662 300 1702 οἵνω
319 1660 364 1702 δὲ
379 1661 610 1714 τοπαράπαν
627 1661 858 1714 ἀπέχεσθαι,
877 1665 935 1713 τῷ
953 1661 1111 1712 δύναμιν
1140 1662 1307 1714 ἰσχυρὰν
1333 1662 1453 1714 ἔχειν,
1473 1663 1500 1711 ἦ

210 1729 334 1770 καττὸ
353 1728 517 1770 σπάνιον
534 1728 791 1780 μεταδιδόμεν
817 1731 870 1782 τᾷ
899 1727 1035 1782 κράσει
1053 1728 1208 1770 δείελον
1225 1733 1493 1780 γαλακτῶδες.

210 1797 263 1838 τὰ
293 1796 334 1838 δὲ
365 1797 513 1849 λουτρὰ
539 1797 594 1847 μὴ
626 1800 751 1837 ποιεῖν
782 1798 945 1848 συνεχῆ.
995 1794 1020 1835 ἆ
1035 1796 1112 1848 γὰρ
1135 1799 1214 1836 τῶν
1243 1796 1416 1838 σπανίων
1435 1798 1498 1838 καὶ

211 1863 406 1917 εὐκράτων
431 1866 585 1917 χρᾶσις,
615 1863 789 1915 ἀμείνων.
834 1863 1034 1904 κατταυτοὶ
1053 1862 1173 1904 δὲκαὶ
1193 1864 1265 1917 ἀὴρ
1285 1864 1499 1906 ἐπιτάδειος

210 1931 384 1974 θάλπους
410 1932 474 1973 καὶ
501 1932 634 1985 ῥίγους
667 1931 771 1984 ἔχων
801 1931 877 1972 τὰν
909 1931 1157 1984 συμμετρίαν.
1205 1932 1268 1972 καὶ
1289 1932 1439 1980 οἴκησις
1455 1931 1498 1971 δὲ

208 1999 311 2050 μήτε
348 2000 451 2050 ἄγαν
468 1998 748 2052 περιπνεομένα
766 1998 868 2050 μήτε
899 2000 1002 2050 ἄγαν
1031 1997 1313 2049 κατάστεγνος.
1361 2000 1405 2039 οὔ
1419 1998 1498 2049 μὰν

208 2067 319 2109 ἀλλὰ
339 2068 403 2108 καὶ
422 2069 519 2120 ὕδωρ
547 2069 648 2118 μήτε
678 2067 930 2119 ἂπόσκληρον
960 2067 1061 2118 μήτε
1093 2066 1383 2119 εὐπαράγωγον.
1432 2067 1497 2108 καὶ

209 2134 391 2188 στρωμνιὶ
410 2134 452 2175 δὲ
472 2136 517 2175 οὔ
534 2137 712 2187 τραχεῖα,
729 2133 837 2175 ἀλλὰ
856 2132 1156 2185 προσπίπτουσα
1176 2135 1232 2184 τῷ
1245 2134 1368 2186 χρωτὶ
1385 2135 1493 2186 εὔαρ-

208 2203 375 2254 μόστως.
414 2205 458 2244 ἐν
475 2205 572 2243 πᾶσι
589 2202 668 2255 γὰρ
685 2201 839 2244 τούτοις
865 2203 915 2242 τὸ
948 2201 1091 2242 οἶκεῖον
1120 2199 1145 2240 ἆ
1174 2199 1291 2254 φύσις
1309 2203 1493 2251 ἐπιποθεῖ,

209 2270 303 2312 ἄλλ’
323 2271 368 2311 οὗ
385 2269 433 2310 τὸ
451 2268 682 2311 πολυτελές.
729 2271 855 2310 ταῦτα
877 2267 950 2319 μὲν
974 2268 1028 2309 ὧν
1047 2269 1109 2308 ἐπὶ
1132 2270 1200 2308 τοῦ
1216 2267 1406 2321 παρόντος
1425 2271 1496 2310 οὐκ

209 2337 370 2389 ἆχρεῖον
389 2335 609 2389 ὑπογράψαι
627 2353 689 2377 τοι
707 2334 780 2377 τὰς
800 2335 957 2377 ἐλπίδος
973 2335 1166 2388 ἐκτροφὰς
1183 2336 1210 2384 ἢ
1229 2336 1375 2376 καττὸν
1395 2338 1491 2388 ὑφα-

209 2402 401 2453 γεόμενον
418 2402 638 2455 γινομένας’
656 2406 730 2444 θεῶ
747 2402 791 2444 δὲ
810 2401 1162 2452 συλλαμβάνοντος
1188 2401 1282 2454 ὑπὲρ
1299 2404 1371 2443 τᾶς
1389 2402 1490 2452 ἆγω-
