1644 2924
865 325 925 366 38

347 454 475 505 ’Ἤρης
494 452 780 506 σπερχομένης·
809 453 870 491 ἐπὶ
891 454 923 491 δ’
947 450 1095 503 ἔβραχε
1117 452 1212 501 γαΐα
1233 451 1382 499 βαρεῖα,

359 521 593 572 παλλομένη
612 521 801 571 τριόδοντι
822 519 1088 560 Ποσειδάωνος
1107 519 1251 571 ἀκωκῇ·

361 588 513 642 ἔφριξεν
533 590 565 628 δ’
585 588 724 637 Ἀΐδης,
745 588 912 640 χθονίων
932 588 964 627 δ’
986 586 1166 639 ἐξέδραμε
1186 587 1327 634 θώκων,

360 656 564 708 ταρβήσας
578 655 633 707 μή
652 655 729 696 πού
745 672 795 704 τι,
813 655 906 696 Διὸς
919 654 1025 706 μέγα
1041 653 1300 706 χωσαμένοιο,

349 725 438 764 πᾶν
455 722 572 774 γένος
591 723 796 775 ἀνθρώπων
815 720 970 774 κατάγῃ
989 719 1245 774 ψυχοστόλος
1264 720 1415 772 Ἑρμῆς.

359 789 490 831 πάντα
508 791 540 830 δ’
561 793 658 841 ὁμοῦ
677 788 883 838 κεκύκητο,
906 787 1025 841 φόνος
1044 787 1089 828 δέ
1104 803 1166 828 τις
1184 788 1339 839 ἄκριτος
1358 785 1438 833 ἦεν.

358 858 452 898 τοὺς
469 857 544 907 μὲν
561 857 639 910 γὰρ
658 855 880 909 φεύγοντας
901 855 964 895 ἐπὶ
982 856 1148 907 Σκαιῇσι
1165 854 1316 906 πύλῃσι

361 928 516 966 κτεῖνον
535 927 798 977 ἐφεστηῶτες·
826 927 847 964 ὁ
867 925 900 964 δ’
922 925 962 975 ἐξ
983 924 1094 971 εὐνῆς
1109 921 1330 974 ἀνορούσας,

359 993 511 1046 τεύχεα
527 992 744 1044 μαστεύων,
766 994 934 1046 δνοφερῇ
950 990 1240 1044 περικάππεσεν
1259 989 1394 1042 αἰχμῇ.

361 1062 427 1103 καί
440 1079 502 1103 τις
521 1063 595 1102 ὑπὸ
616 1061 788 1102 σκιόεντι
808 1059 911 1111 δόμῳ
931 1058 1190 1110 κεκρυμμένος
1209 1058 1315 1110 ἀνὴρ,

358 1132 480 1180 ξεῖνος
502 1123 584 1176 gaiu,
607 1127 840 1176 ἐκάλεσσεν,
862 1127 1036 1178 ὀϊόμενος
1053 1125 1174 1178 φίλον
1192 1124 1301 1165 εἶναι·

359 1196 503 1245 νήπιος,
525 1197 570 1236 οὐ
587 1195 660 1246 μὲν
679 1194 850 1245 ἔμελλεν
870 1193 977 1243 ἐνηέϊ
992 1193 1092 1245 φωτὶ
1110 1194 1281 1243 μιγῆναι,

357 1263 476 1315 ξείνια
495 1265 527 1302 δ’
549 1263 671 1316 ἐχθρὰ
687 1261 890 1312 κόμισσεν·
919 1260 1013 1313 ὑπὲρ
1030 1259 1171 1310 τέγεος
1187 1258 1232 1299 δέ
1247 1274 1308 1299 τις
1324 1258 1448 1299 ἄλλος

357 1331 472 1380 μήπω
490 1328 717 1369 παπταίνων
733 1345 773 1368 τι
793 1329 868 1378 θοῷ
886 1326 1086 1367 διέπιπτεν
1103 1326 1234 1376 ὂΐστῷ.

359 1397 424 1438 καί
442 1413 557 1444 τινες,
580 1396 751 1446 ἆλγεινῷ
770 1393 929 1446 κραδίην
946 1391 1191 1444 βεβαρηότες
1210 1392 1311 1442 οἴνῳ,

360 1462 585 1514 ἐκπλαγέες
601 1464 694 1502 ποτὶ
713 1464 866 1508 δοῦπον,
890 1459 1140 1510 ἐπειγόμενοι
1154 1460 1384 1506 καταβῆναι,

354 1532 544 1581 κλίμακος
561 1527 805 1580 ἐξελάθοντο,
826 1528 910 1568 καθ’
931 1529 1090 1578 ὑψηλῶν
1107 1542 1154 1566 τε
1173 1523 1377 1577 μελάθρων

357 1599 527 1639 ἔκπεσον
545 1598 832 1647 ἂγνώσσοντες,
855 1595 1108 1646 ἐπαυχενίους
1127 1593 1170 1634 δὲ
1189 1592 1376 1634 λυθέντες

357 1663 632 1717 ἀστραγάλους
649 1661 840 1713 ἐάγησαν·
868 1663 965 1711 ὁμοῦ
982 1661 1014 1700 δ’
1036 1660 1223 1713 ἐξήρυγον
1241 1658 1356 1700 οἶνον.

355 1732 502 1772 πολλοὶ
523 1733 555 1771 δ’
576 1731 630 1772 εἷς
650 1729 718 1770 ἕνα
735 1731 865 1781 χῶρον
884 1727 1052 1768 ἀολλέες
1073 1727 1296 1768 ἐκτείνοντο

356 1798 604 1852 μαρνάμενοι·
629 1797 775 1837 πολλοὶ
794 1795 837 1837 δὲ
856 1796 1079 1846 διωκόμενοι
1097 1794 1200 1836 κατὰ
1216 1793 1373 1846 πύργων

355 1866 494 1921 ᾔριπον
513 1865 567 1907 εἷς
580 1865 724 1913 Ἀΐδαο,
743 1863 996 1904 πανύστατον
1016 1862 1123 1913 ἅλμα
1141 1861 1330 1913 θορόντες.

356 1936 495 1985 παῦροι
513 1932 556 1973 δὲ
576 1933 734 1980 στεινῆς
753 1931 815 1971 διὰ
833 1929 1026 1978 κοιλάδος,
1047 1927 1110 1969 οἶά
1126 1944 1174 1968 τε
1193 1930 1329 1979 φῶρες,

356 2000 539 2053 πατρίδος
557 1997 778 2048 ὂλλυμένης
797 1997 940 2038 ἔλαθον
951 1998 1126 2048 χειμῶνα
1143 1992 1350 2046 φυγόντες.

356 2070 393 2109 οἱ
413 2069 444 2108 δ’
465 2068 576 2108 ἔνδον
592 2066 753 2116 πολέμῳ
771 2081 818 2113 τε
837 2065 901 2104 καὶ
921 2063 1049 2115 ἆχλύῖ
1063 2062 1326 2112 κυμαίνοντες,

354 2134 537 2187 ἀνδράσιν
556 2132 797 2185 οἰχομένοισι
814 2132 878 2172 καὶ
898 2132 944 2171 οὗ
963 2129 1185 2181 φεύγουσιν
1204 2129 1342 2178 ὁμοῖοι,

355 2202 499 2243 πίπτον
519 2202 578 2240 ἐπ’
598 2198 826 2247 ἀλλήλοισι·
853 2196 969 2238 πόλις
988 2198 1023 2236 δ’
1040 2198 1084 2236 οὐ
1105 2187 1276 2246 χάνδανε
1296 2195 1450 2248 λύθρον,

355 2271 500 2322 ἀνδρῶν
518 2270 743 2321 χηρεύουσα
760 2263 1055 2318 περιπλήθουσά
1070 2281 1118 2304 τε
1136 2267 1290 2316 νεκρῶν.

356 2336 448 2378 οὐδέ
462 2353 502 2376 τι
521 2334 693 2388 φειδωλή
711 2349 771 2375 τις
792 2333 988 2384 ἐγίγνετο·
1017 2330 1208 2384 φοιταλέῃ
1227 2330 1270 2371 δὲ

355 2403 618 2456 σπερχόμενοι
635 2400 800 2452 μάστιγι
819 2399 1107 2452 φιλαγρύπνοιο
1123 2400 1313 2448 κυδοιμοῦ,

1628 2826 1644 2886 ἐ

1632 2892 1644 2924 1
