1644 2924
771 370 832 410 50

784 507 818 542 5.

268 570 390 610 αὒτίκ’
412 570 495 620 ἐμοὶ
514 570 615 610 κατὰ
632 570 705 620 μὲν
721 572 860 623 χροιὴν
877 571 955 625 ῥέει
973 571 1143 615 ἄσπετος
1162 574 1279 626 ἱδρὼς,

319 639 523 687 πτοιοῦμαι
541 637 573 677 δ’
594 639 738 689 ἐσορῶν
756 639 869 680 ἄνθος
886 639 1090 690 ὁμηλικίης

265 705 431 756 τερπνὸν
449 707 548 755 ὁμῶς
567 705 630 744 καὶ
650 708 784 754 καλὸν,
807 707 890 746 ἐπεὶ
909 706 1033 747 πλέον
1051 711 1205 760 ὤφελεν
1226 708 1331 749 εἶναι.

319 773 411 813 ἀλλ’
432 772 704 824 ὀλιγοχρόνιον
721 773 913 824 γίγνεται,
935 775 1064 827 ὥσπερ
1084 776 1185 829 ὄναρ,

265 842 345 890 ἥβη
363 841 572 892 τιμήεσσα·
597 842 644 881 τὸ
663 842 695 881 δ’
715 841 911 894 ἀργαλέον
929 843 992 883 καὶ
1012 844 1185 896 ἄμορφον

317 911 442 961 γῆρας
459 907 553 960 ὑπὲρ
571 911 749 961 κεφαλῆς
767 908 896 960 αὐτίχ’
917 910 1207 963 ὑπερκρέμαται,

266 980 407 1031 ἐχθρὸν
425 980 525 1028 ὁμῶς
543 977 607 1017 καὶ
626 977 772 1027 ἄτιμον,
797 977 818 1016 ὅ
835 978 872 1016 τ’
892 978 1098 1029 ἄγνωστον
1115 982 1217 1020 τιθεῖ
1230 981 1358 1032 ἄνδρα,

317 1044 490 1092 βλάπτει
509 1044 542 1084 δ’
562 1044 786 1096 ὀφθαλμοὺς
805 1045 868 1085 καὶ
887 1045 976 1086 νόον
995 1046 1225 1099 ἄμφιχυθέν.

779 1181 815 1218 6.

264 1248 304 1288 αἳ
320 1247 396 1299 γὰρ
415 1247 508 1299 ἄτερ
527 1246 675 1287 νούσων
692 1263 738 1287 τε
757 1247 820 1287 καὶ
841 1246 1044 1299 ἀργαλέων
1060 1249 1287 1298 μελεδώνων

315 1313 611 1365 ὀγδωκονταέτη
628 1316 742 1366 μοῖρα
761 1314 868 1366 κίχοι
888 1313 1064 1355 θανάτου.
1111 1322 1114 1326 ’

777 1451 812 1492 7.

258 1520 333 1568 τὴν
352 1520 498 1559 σαυτοῦ
516 1517 638 1570 φρένα
653 1516 787 1569 τέρπε·
806 1518 1056 1569 δυσηλεγέων
1075 1518 1117 1558 δὲ
1135 1522 1307 1559 πολιτῶν

315 1587 440 1627 ἄλλος
457 1586 518 1626 τίς
536 1600 585 1625 σε
603 1587 739 1633 κακῶς,
761 1586 887 1626 ἄλλος
905 1586 1061 1635 ἄμεινον
1080 1588 1166 1639 ἐρεῖ.

770 1718 804 1755 8.

310 1782 442 1832 ἠέλιος
459 1782 531 1833 μὲν
549 1783 625 1835 γὰρ
642 1782 791 1834 ἔλαχεν
808 1783 928 1823 πόνον
943 1783 1074 1833 ἤματα
1091 1783 1230 1832 πάντα,

363 1849 455 1890 οὐδέ
469 1851 556 1890 ποτ’
576 1850 768 1900 ἄμπαυσις
785 1849 966 1901 γίγνεται
985 1851 1143 1901 οὐδεμία

303 1918 487 1959 ἵπποισίν
503 1935 549 1958 τε
568 1919 631 1959 καὶ
652 1920 764 1969 αὐτῷ,
788 1920 884 1967 ἐπὴν
901 1917 1184 1972 ῥοδοδάκτυλος
1202 1921 1301 1961 Ἠὼς

363 1986 532 2026 ὠκεανὸν
548 1987 776 2038 προλιποῦσ’
796 1987 955 2039 οὐρανὸν
974 1987 1173 2040 εἰσαναβῇ.

309 2054 380 2094 τὸν
396 2052 468 2103 μὲν
485 2052 562 2103 γὰρ
581 2052 642 2092 διὰ
660 2055 762 2102 κῦμα
779 2051 886 2104 φέρει
905 2053 1148 2106 πολυήρατος
1168 2054 1257 2101 εὐνὴ

363 2120 489 2168 κοίλη,
510 2119 727 2170 Ἡφαίστου
744 2121 884 2172 χερσὶν
903 2121 1128 2171 ἐληλαμένη

309 2190 459 2241 χρυσοῦ
475 2186 690 2237 τιμηέντος,
712 2187 936 2239 ὑπόπτερος,
958 2189 1075 2240 ἄκρον
1095 2189 1155 2239 ἐφ’
1175 2190 1271 2242 ὕδωρ

364 2255 505 2295 εὕδονθ’
526 2252 736 2305 ἁρπαλέως,
756 2255 886 2306 χώρου
904 2255 970 2305 ἀφ’
990 2254 1232 2307 Ἑσπερίδων,

309 2325 427 2374 γαῖαν
447 2324 485 2363 ἐς
503 2321 704 2362 Αἰθιόπων·
729 2321 793 2361 ἵνα
811 2322 848 2361 οἱ
866 2322 955 2362 θοὸν
974 2322 1074 2374 ἅρμα
1092 2323 1155 2363 καὶ
1173 2324 1282 2363 ἵπποι

365 2389 512 2437 ἑστᾶσ’,
535 2389 618 2440 ὄφρ’
637 2389 735 2429 Ἠὼς
752 2388 947 2439 ἠριγένεια
963 2388 1079 2442 μόλῃ.

312 2459 385 2499 ἕνθ’
408 2457 530 2506 ἐπέβη
551 2455 689 2510 ἑτέρων
708 2456 834 2508 ὀχέων
851 2457 1066 2509 Ὑπερίονος
1085 2457 1229 2499 υἱός.-
