1644 2924
853 285 912 328 82

288 408 406 461 πεζὸν
425 409 574 461 ἔπεμπε
592 410 789 462 γένεσθαι,
810 415 904 464 ἐμεῦ
919 414 1053 455 ἵπποιο
1071 415 1252 468 ἀμέρσας,

287 476 334 525 ἧς
353 477 508 530 ἀλόχου
525 480 698 533 βουλῇσι
716 479 944 533 σαόφρονος,
965 482 991 531 ἥ
1011 483 1049 522 οἱ
1067 482 1243 525 ἅπαντας

285 545 427 598 κύδῃνε
446 546 615 599 λεπρούς
632 563 679 586 τε
698 547 763 588 καὶ
783 548 898 589 ὅσσοι
917 548 1065 590 νείκεος
1085 550 1174 591 υῖες.

286 614 427 654 οὕνεκα
445 615 482 654 οἱ
499 618 630 656 καλῶς
648 616 865 667 καταθύμια
882 615 1012 658 πάντα
1030 617 1195 670 ἔρεζον]

286 683 438 731 φεῦγον
455 682 534 721 οὐδ’
556 680 755 723 ἐσάκουσα
774 682 799 724 ἃ
818 682 986 734 Μέμνων
1004 683 1224 737 ἐξερέεινεν,

337 748 431 789 ἀλλ’
451 748 519 788 ὅτε
538 749 605 800 νὺξ
624 751 791 802 δνοφερὴ
809 753 927 801 γαῖαν
945 751 1192 804 περιδέδρομε
1210 751 1350 805 πάντῃ,

283 817 390 867 δῆριν
409 815 677 866 αἱματόεσσαν
696 817 962 868 ἀμαιμακέτου
979 818 1168 870 πολέμοιο

280 885 447 931 παῦσαν,
468 885 538 923 οὐκ
559 883 773 933 ἐθέλοντες,
794 883 974 938 Ἀράβων
993 887 1144 939 ὄβριμοι
1163 886 1251 935 υῑες,

281 949 452 991 ὠκύαλοι
470 950 513 991 δὲ
532 950 616 993 νέες
635 950 765 1004 φύγον
782 952 1014 1006 ’Ἡφαίστοιο
1032 955 1220 1005 ὁμοκλήν.

281 1018 391 1058 αὐτοὶ
411 1019 443 1058 δ’
462 1019 632 1070 Ἀργεῖοι
652 1020 778 1061 δεινὰς
796 1020 869 1060 ὑπὸ
889 1024 1008 1074 κῆρας
1027 1023 1184 1074 ἄλυξαν.

280 1085 390 1126 νυκτὶ
410 1085 442 1125 δ’
459 1085 627 1127 ἀολλέες
646 1087 752 1128 εἵατο
771 1088 922 1141 τεύχεα
938 1088 1084 1132 πάντες
1103 1090 1278 1143 ἔχοντες,

280 1154 387 1194 εἵατο
406 1154 542 1205 τεύχε’
563 1154 737 1206 ἔχοντες,
760 1157 878 1198 ὕπνος
896 1157 973 1197 ἀπὸ
990 1160 1119 1199 τοῖσιν
1138 1159 1301 1200 ὄλωλεν.

280 1220 373 1260 ἀλλ’
394 1221 462 1260 ὅτε
482 1221 529 1269 δὴ
548 1221 810 1275 χρυσόθρονος
827 1224 974 1271 ἤλυθεν
989 1223 1220 1276 Ἠριγένεια,

278 1285 495 1328 ἀνστάντες
514 1287 698 1330 ἀέκοντες
717 1289 795 1342 ἔριν
811 1289 1004 1342 ῥήγνυντο
1023 1294 1195 1344 βαρεῖαν.

279 1353 445 1404 Μέμνων
463 1355 540 1406 γὰρ
560 1355 782 1407 ἐπόρουσεν,
804 1357 985 1408 ἀλίγκιος
1004 1357 1080 1399 υἱέϊ
1093 1358 1219 1409 γαίης,

276 1425 425 1473 τυφῶνι
443 1421 663 1474 ὀλοόφρονι.
694 1422 840 1464 ἔλπετο
860 1426 894 1464 δ’
913 1423 976 1464 οῗα
996 1423 1151 1476 ἐῷλπει,

276 1487 478 1540 Ἀργείους
496 1488 573 1528 ἀπὸ
591 1487 741 1530 πάντας
759 1489 927 1531 ὀλέσσαι
945 1492 1066 1541 ἤματι
1084 1493 1208 1543 κεινῷ.

276 1555 349 1594 ὅδε
366 1553 440 1605 μὲν
459 1554 653 1608 ἐφρόνεεν,
676 1556 739 1596 ἐπὶ
759 1557 791 1596 δ’
811 1556 952 1609 ἅρματι
971 1557 1062 1609 ὀξέα
1078 1557 1235 1610 κλάζων

275 1621 436 1662 κυδιόων
454 1619 652 1671 θύνεσκεν,
674 1622 833 1663 ὅπισθεν
852 1624 885 1664 δ’
902 1625 997 1677 ἴαχε
1015 1625 1124 1666 λαός.

272 1687 376 1729 τόνδ’
397 1688 470 1741 ἄρα
488 1689 686 1738 Πηλείδης
703 1690 768 1730 καὶ
787 1690 1053 1741 ἀμαιμάκετόν
1070 1708 1143 1744 περ
1163 1691 1279 1733 ἐόντα

273 1754 421 1808 στέρνῳ
442 1756 505 1796 ἐπὶ
525 1758 699 1810 στιβαρῷ
715 1760 970 1799 κατεναντίον
988 1761 1158 1800 οὔτασεν
1177 1760 1302 1813 ἔγχει.

273 1824 383 1875 ψυχὴ
403 1826 435 1863 δ’
459 1825 504 1864 ἐκ
521 1823 675 1875 μελέων
692 1825 916 1867 ἀποέσσυτο
935 1826 1031 1876 ἠΰτε
1050 1827 1206 1868 καπνός.

323 1893 433 1932 τοῖον
451 1891 677 1942 Μεμνονέης
693 1896 872 1945 κεφαλῆς
887 1894 1008 1947 μόρον
1026 1893 1250 1947 ἐξερέουσιν.

272 1959 309 1997 οἱ
327 1958 360 1997 δ’
380 1958 463 1998 υἱὸν
479 1950 711 2010 Τελάμῶνος
730 1960 898 2001 ἀείδουσ)
917 1961 1175 2014 ὀβριμόθυμον

270 2027 378 2076 δῆριν
395 2024 659 2076 ἀμαιμάκετον
678 2027 743 2068 καὶ
762 2027 937 2079 σχέτλια
955 2027 1053 2080 ἔργα
1071 2028 1213 2077 ἰδόντα,

271 2092 428 2142 εἵπεμεν
444 2092 621 2146 Ἀτρείδῃ
640 2094 705 2134 καὶ
723 2094 978 2146 ἀριστήεσσιν
994 2095 1178 2147 Ἀχαιῶν·

325 2162 351 2182 “
371 2161 477 2210 ὑμεῖς
493 2158 567 2210 μὲν
584 2159 730 2202 πάντες
743 2162 846 2211 μετὰ
865 2162 977 2203 ἔθνεα
994 2163 1154 2209 βαίνετε
1172 2164 1313 2214 Ἰνδῶν,

271 2226 398 2278 αὐτὰρ
411 2227 489 2277 ἐγὼ
508 2226 742 2268 κατεναντία
761 2228 961 2278 Μέμνονος
980 2229 1059 2271 οἶος
1079 2230 1268 2272 ἐπέλθω.”

323 2297 373 2336 ὣς
389 2295 505 2336 εἰπὼν
523 2294 674 2349 ἀνάειρε
691 2298 883 2349 πελώριον
902 2299 1023 2350 ὕψοσε
1043 2298 1174 2349 σάκος,

268 2365 352 2403 τοῖο
373 2363 404 2403 δ’
426 2365 468 2404 ἐν
486 2366 601 2414 ὤμοις
620 2364 744 2406 καλὸν
763 2363 970 2417 φάσγανον
988 2367 1153 2420 ᾐώρητο·
