1644 2924
848 297 910 340 56

289 424 429 478 δάκρυε
447 424 521 476 μὲν
539 426 794 476 Παλαμήδεα,
813 425 890 474 τὴν
908 427 940 465 δ’
963 425 1131 478 ἐφέηκεν
1149 427 1337 479 Ἀχαιοῖς,

289 492 406 535 αὐτὸς
425 493 457 534 δ’
478 491 563 534 αὖτ’
583 491 786 534 ἀπέπαυσε
803 491 937 545 μάχης
954 493 1145 545 πολέμοιό
1162 511 1208 536 τε
1226 494 1399 547 πάμπαν.

289 559 384 614 πρὸς
404 558 450 600 δέ
465 575 517 611 ’γε
535 559 676 610 λοιμὸν
690 559 912 610 Ἀπόλλων,
933 560 1067 610 ἠέλιος
1083 562 1220 613 μέγας,
1241 561 1349 611 ἧκεν.

291 629 463 676 θνῆσκον
481 627 514 668 δ’
532 626 714 680 Ἀργεῖοι,
737 627 996 679 Παλαμήδεος
1014 630 1085 669 οὐκ
1105 628 1162 670 ἔτ’
1185 629 1328 679 ἔοντος,

289 695 335 737 ὃς
352 694 515 746 λοιμούς
531 711 579 736 τε
598 694 806 747 πρόφασκε
824 695 889 736 καὶ
909 695 1150 749 ἀλθεστήρια
1166 697 1329 738 τούτων.

345 765 472 815 Τρῶες
492 762 525 802 δ’
545 764 596 803 ὡς
615 762 759 813 ἔμαθον
776 763 917 814 λοιμόν
934 779 982 803 τε
999 761 1129 815 χόλον
1146 765 1184 804 τ’
1203 765 1407 816 Ἀχιλῆος,

294 831 367 871 οὐκ
386 829 446 870 ἔτι
464 829 623 882 πύργων
644 829 769 870 ἔνδοθι
789 828 878 870 οὐδὲ
895 828 1047 878 πόληος
1066 829 1236 881 ἔμιμνον,

295 896 390 937 ἀλλ’
411 897 485 950 ἄρα
500 896 759 949 προφρονέως,
779 895 937 937 πυλέων
954 895 1201 939 πετάσαντες
1219 898 1357 951 ὀχῆας,

295 965 390 1016 ἄχρι
410 967 507 1005 νεῶν
526 963 771 1013 κατέβαινον,
790 964 841 1003 ἴδ’
863 962 1063 1016 Ἀργείους
1083 963 1247 1016 ἐδάῖζον·

294 1033 333 1073 οἱ
351 1032 383 1071 δ’
405 1032 478 1085 ἄρα
496 1030 731 1083 δαμνάμενοι
749 1032 874 1082 λοιμῷ
893 1031 959 1071 καὶ
977 1031 1132 1085 χείρεσι
1149 1033 1297 1084 Τρώων,

299 1098 552 1151 ἐξαπάταισιν
572 1099 721 1152 ὀνείρου
737 1099 930 1152 πανσυδίῃ
951 1097 1128 1150 ἐχέοντο,

296 1166 450 1219 Τρωσὶν
469 1167 688 1229 ἐναντίβιον
706 1164 935 1217 πολεμίζειν
954 1166 1176 1219 ἱμείροντες.

351 1233 650 1285 σπεισαμένοισι
668 1234 701 1274 δ’
722 1233 831 1285 ἔδοξε
849 1231 916 1274 δύο
935 1231 1209 1286 προμάχεσθαι
1228 1233 1423 1284 ἁπάντων,

299 1300 343 1342 ὓς
362 1302 394 1341 δ’
415 1301 464 1342 ἂν
482 1301 636 1354 νικήσῃ,
657 1300 824 1351 Ἑλένην
842 1299 998 1354 φορέειν
1016 1301 1091 1342 σὺν
1109 1300 1288 1355 ἑταίροις·

301 1370 347 1409 ἐκ
366 1369 399 1409 δ’
419 1368 517 1421 ἔθορ’
538 1371 584 1410 ἐκ
601 1369 739 1422 Τρώων
758 1366 888 1421 Πάρις,
908 1368 1097 1421 Ἀργείων
1115 1369 1332 1411 Μενέλαος·

299 1437 351 1478 ὣς
370 1434 490 1488 Πάρις
508 1435 660 1485 ἡττήθη
680 1435 735 1485 δὲ,
755 1438 882 1487 Τρῶες
904 1435 1015 1487 ὅρκια
1031 1437 1167 1487 χεῦον.

302 1502 443 1544 αὐτίκα
459 1502 538 1555 ’γὰρ
557 1501 764 1543 Μενέλαον
783 1500 982 1554 Πάνδαρος
1001 1500 1178 1552 ἔμβαλεν
1196 1502 1251 1554 ἷῷ,

301 1570 381 1610 οὐδ’
403 1569 552 1616 ἔλαβεν
569 1571 696 1618 κῦδος,
716 1568 830 1620 δόξης
848 1568 881 1608 δ’
901 1565 1088 1620 ἀπόερξεν
1107 1568 1262 1609 ἑαυτόν·

300 1636 372 1678 τὸν
389 1635 463 1688 μὲν
479 1636 557 1689 ’γὰρ
576 1635 756 1689 Μαχάων
771 1635 924 1684 ἰήσατο,
946 1633 1132 1688 φάρμακα
1147 1635 1329 1686 πάσσων,

301 1703 428 1757 Τρωσὶ
447 1703 491 1744 δὲ
510 1703 575 1745 καὶ
593 1701 708 1756 Τροίῃ
728 1703 794 1743 καὶ
813 1700 998 1755 Πανδάρῳ
1019 1702 1166 1743 ἔπλετο
1182 1705 1305 1754 πῆμα.

302 1770 400 1822 τόξα
416 1769 494 1823 γάρ
513 1771 551 1811 οἷ
570 1769 720 1823 ἐρύοντι
738 1767 992 1821 κακάγγελος
1010 1770 1156 1818 ἤλυθεν
1174 1770 1279 1820 αἶσα,

305 1839 433 1891 ἀστὴρ
449 1835 700 1890 παμφανόῳν,
721 1839 830 1888 σῆμα
847 1835 1047 1888 πολέμοιο,
1069 1838 1253 1887 κομήτης,

303 1905 489 1955 Ἀθηναίη
508 1904 689 1957 Ὁμήρου,
708 1905 785 1954 τὴν
801 1906 851 1957 ῥα
869 1904 964 1945 Ζεὺς
981 1903 1208 1957 προΐαλλεν.

359 1975 403 2014 ἐν
421 1972 464 2014 δὲ
483 1972 575 2013 Θεοὶ
593 1972 798 2021 ἀλλήλους
816 1973 922 2025 ὥρων
939 1972 1058 2023 ἤματι
1077 1971 1200 2022 κείνῳ,

306 2040 478 2093 ὃκρυόεις
492 2039 639 2093 Κρόνος
656 2039 726 2088 ἡδὲ
742 2056 791 2080 τε
802 2040 924 2093 ’Άρης
943 2038 1210 2092 ὄβριμόθυμος,

307 2109 348 2149 οἵ
361 2107 410 2161 ῥά
427 2124 475 2148 τε
492 2106 605 2158 δόξης
623 2106 779 2158 αἰζηοὺς
796 2105 974 2158 πολέμου
992 2106 1193 2160 ἀπόερξαν,

308 2174 449 2216 αὐτοὺς
466 2175 499 2215 δ’
519 2173 568 2214 αὖ
586 2172 845 2226 κατέπεφνον,
867 2177 980 2226 σφῶν
998 2173 1040 2214 δὲ
1058 2172 1212 2224 πόληας
1231 2175 1413 2228 ἔπερσαν,

308 2243 414 2283 εἵκεν
433 2242 493 2282 ἐπ’
512 2242 632 2292 ἤματι
650 2239 743 2292 τοίῳ
761 2240 977 2292 ἀριστεύειν
993 2240 1197 2291 ποθέωσιν,

308 2309 378 2350 ὅτε
395 2307 687 2362 χρονοκράτορα
705 2307 867 2361 θάτερος
886 2307 1048 2361 θάτερον
1065 2309 1230 2360 ποιήσει,

310 2378 359 2426 ἢν
375 2377 502 2431 ἀρχὴν
521 2376 682 2425 ὄπάσας,
703 2377 729 2426 ἢ
748 2378 865 2419 οἴκοις
886 2375 1104 2418 ἀντιάσειεν
