1644 2924
851 323 914 365 20

348 452 450 506 δουρὶ
470 451 512 493 δὲ
532 451 777 505 Πατρόκλοιο
797 448 1054 492 Μενοιτιάδαο
1072 448 1247 490 πεσόντα

348 521 481 570 αἵματι
499 519 692 573 δακρύσας
712 518 836 571 ἐχύθη
854 518 1044 570 πατρώἳος
1062 516 1193 568 Αἰθήρ.

349 591 413 631 καὶ
432 591 570 640 δολίην
588 590 662 631 ὑπὸ
680 589 803 630 νύκτα
821 589 928 639 κακῷ
945 586 1214 638 πεπεδημένον
1233 587 1335 636 ὕπνῳ

348 658 489 707 Ῥῆσον
504 656 577 709 μὲν
596 655 759 710 Θρήϊκες
778 656 962 696 ἐκώκυον·
988 654 1015 703 ἦ
1033 655 1065 694 δ’
1085 654 1148 694 ἐπὶ
1167 653 1303 704 πότμῳ

350 724 552 776 Μέμνονος
569 724 748 776 οὐρανίην
766 722 940 775 νεφέλην
959 721 1170 763 ἐνεδύσατο
1187 719 1327 772 μήτηρ,

348 791 504 844 φέγγος
522 790 782 843 ὑποκλέψασα
799 788 998 843 κατηφέος
1015 790 1164 840 ἤματος
1181 788 1292 830 Ἠώς.

349 861 389 901 αἱ
407 861 440 900 δ’
459 860 536 900 ἀπὸ
555 859 828 913 Θερμώδοντος
846 856 1068 909 ἆρηῒφίλοιο
1085 858 1280 908 γυναῖκες,

350 927 588 978 κοπτόμεναι
605 927 842 978 περίκυκλον
860 923 1027 974 ἆθηλέος
1046 924 1206 977 ὄμφακα
1221 922 1356 975 μαζοῦ,

348 993 539 1046 παρθένον
556 993 747 1045 ὠδύροντο
765 991 953 1044 δαΐφρονα
971 989 1262 1039 Πενθεσίλειαν,

348 1062 375 1110 ἥ
393 1078 440 1101 τε
458 1060 700 1112 πολυξείνοιο
718 1059 840 1112 χορὸν
856 1058 1046 1110 πολέμοιο
1063 1061 1245 1110 μολοῦσα

351 1129 511 1178 θηλείης
528 1128 604 1169 ἀπὸ
622 1128 756 1182 χειρὸς
775 1126 1047 1168 ἀπεσκέδασεν
1064 1125 1182 1179 νέφος
1200 1128 1345 1180 ἀνδρῶν

349 1200 444 1246 νῆας
464 1199 504 1239 ἐς
521 1195 756 1250 ἀγχιάλους·
782 1195 900 1249 μελίῃ
921 1195 967 1236 δέ
983 1197 1003 1236 ἑ
1018 1197 1159 1247 μοῦνος
1178 1193 1352 1236 ὑποστάς

351 1265 415 1306 καὶ
435 1263 555 1306 κτάνε
573 1265 638 1306 καὶ
657 1264 814 1314 σύλησε
832 1264 896 1305 καὶ
917 1262 1133 1316 ἐκτερέῒξεν
1148 1263 1375 1315 Ἀχιλλεύς.

405 1334 580 1382 εἱστήκει
598 1334 631 1373 δ’
651 1333 710 1373 ἔτι
727 1334 839 1374 πᾶσα
856 1331 1080 1383 θεοκμήτων
1101 1331 1164 1372 ἐπὶ
1182 1330 1341 1383 πύργων

345 1402 479 1450 Ἴλιος,
501 1399 752 1442 ἆκλινέεσσιν
771 1401 1041 1450 ἐπεμβεβαυῖα
1059 1397 1275 1449 θεμέθλοις·

353 1467 526 1521 ἆμβολίῃ
545 1469 578 1508 δ’
597 1468 789 1520 ἤσχαλλε
807 1465 1002 1518 δυσαχθέΐ
1016 1465 1114 1506 λαὸς
1130 1466 1316 1516 Ἀχαιῶν·

350 1535 417 1576 καί
435 1534 481 1575 νύ
499 1550 568 1575 κεν
587 1533 831 1575 ὑστατίοισιν
849 1532 1106 1581 ὑποκνήσασα
1122 1531 1310 1579 πόνοισιν,

351 1600 552 1652 ἆκάματός
569 1617 642 1654 περ
661 1603 790 1650 ἐοῦσα,
810 1599 941 1652 μάτην
955 1601 1120 1653 ἵδρωσεν
1136 1598 1293 1647 Ἀθήνη,

352 1670 387 1710 εἰ
403 1670 470 1720 μὴ,
491 1669 710 1721 Δηϊφόβοιο
728 1667 987 1720 ’γαμοκλόπον
1004 1669 1116 1721 ὕβριν
1134 1666 1266 1714 ἐάσας,

351 1737 516 1778 Ἰλιόθεν
534 1739 746 1778 Δαναοῖσιν
765 1737 828 1777 ἐπὶ
847 1735 955 1788 ξένος
972 1737 1096 1784 ἤλυθε
1111 1733 1261 1786 μάντις.

353 1804 416 1846 οῖα
434 1803 479 1844 δέ
494 1820 571 1845 που
587 1802 774 1855 μογέοντι
791 1802 1047 1855 χαριζόμενος
1066 1799 1258 1852 Μενελάῳ

353 1871 614 1924 ὀψιτέλεστον
633 1872 795 1923 ὄλεθρον
814 1872 859 1924 ἑῇ
877 1869 1127 1921 μαντεύσατο
1145 1867 1284 1920 πάτρῃ.

354 1941 391 1979 οἴ
409 1939 463 1988 δέ,
483 1938 721 1992 βαρυζήλοιο
741 1939 971 1992 θεοπροπίης
988 1936 1173 1985 Ἑλένοιο,

352 2007 493 2047 αὐτίκα
509 2009 741 2057 μηκεδανοῖο
759 2005 881 2057 μόθου
897 2005 1017 2046 τέλος
1033 2003 1261 2057 ἠρτύναντο.

353 2074 417 2114 καὶ
437 2075 586 2126 Σκῦρον
602 2072 676 2123 μὲν
693 2073 826 2119 ἔβαινε
843 2074 969 2113 λιπὼν
988 2069 1221 2123 εὗπάρθενον
1239 2069 1342 2110 ἄστυ

354 2140 434 2181 υἱὸς
450 2139 670 2191 Ἀχιλλῆος
690 2139 755 2179 καὶ
775 2140 933 2187 ἐπαινῆς
951 2136 1203 2188 Δηΐδαμείης·

353 2206 468 2258 μήπω
487 2206 520 2245 δ’
541 2204 773 2258 εὐφυέεσσιν
791 2204 970 2256 ἶουλίζων
989 2202 1254 2258 κροτάφοισιν,

355 2273 484 2322 ἀλκὴν
499 2273 646 2325 πατρὸς
663 2271 810 2324 ἔφαινε,
831 2271 917 2314 νέος
933 2288 1008 2325 περ
1026 2272 1099 2312 ἐὼν
1116 2270 1375 2321 πολεμιστής·

355 2343 455 2391 ἦλθε
473 2340 515 2382 δὲ
536 2341 599 2382 καὶ
619 2343 830 2382 Δαναοῖσιν
849 2341 914 2382 ἑὸν
932 2339 1075 2393 βρέτας
1095 2339 1216 2391 ἁγνὸν
1234 2340 1400 2390 ἄγουσα,

357 2411 504 2461 ληϊστὺ
522 2411 595 2462 μὲν
615 2413 743 2460 ἐοῦσα,
764 2409 895 2463 φίλοις
914 2411 949 2452 δ’
968 2408 1166 2462 ἐπίκουρος
1184 2409 1337 2458 Ἀθήνη.
