1644 2924
844 294 935 337 114

873 423 909 465 7.

354 490 428 531 αἰεί
445 490 497 541 μ’,
517 491 547 531 ὦ
567 490 661 543 φίλε
677 490 782 541 θυμὲ,
803 490 1041 542 τανύπτερος
1059 491 1108 531 ὣς
1128 490 1201 530 ὅκα
1219 488 1414 543 πορφυρίς.

351 666 455 717 παρὰ
473 665 621 718 χέρσον
636 665 783 707 λίθινον
801 615 1087 716 τὸνὸπαλάμαις
1105 668 1269 718 βροτῶν,

404 732 611 784 πρόσθενιν
628 733 747 774 πέδον
765 733 920 785 νήριτον
939 732 1071 786 ἰχθύες
1090 732 1294 784 ὠμοφάγοι
1309 731 1484 783 νέμοντο.

877 870 901 908 9

458 921 613 962 δέδοικα
629 923 684 972 μή
702 938 742 962 τι
761 937 864 974 παρα
883 900 983 962 θεοῖς
1002 922 1230 972 ἀμπλακὼν,

456 991 574 1041 τιμὰν
590 990 683 1043 πρὸς
700 991 906 1043 ἀνθρώπων
923 989 1082 1042 2:14⁶!ssoe-

588 1290 830 1333 ἈΡΧΥΤΑΣ
857 1295 1191 1333 ΤΑΡΑΝΤΙΝΟΣ.

883 1375 915 1412 l.

303 1441 480 1491 πονηρῶν
498 1438 621 1480 ἀθέων
639 1439 749 1490 νόμοι
762 1443 859 1480 θεῶν
877 1439 1048 1492 ἄγραφοι
1063 1438 1404 1490 ἆντινομιζόμενοι,
1421 1454 1539 1487 πονη-

251 1508 323 1560 ρὰν
343 1509 480 1558 μοῖραν
509 1506 573 1547 καὶ
596 1505 737 1558 ζημίαν
765 1507 829 1557 τᾷἶ
850 1506 906 1557 μὴ
934 1506 1148 1557 πειθομένῳ
1174 1505 1357 1554 διδόντες,
1377 1506 1543 1558 πατέρες

254 1576 318 1616 καὶ
337 1574 529 1626 ἡγεμόνες
547 1577 627 1615 τῶν
643 1573 926 1626 γεγραμμένων
945 1573 1080 1624 νόμων,
1096 1574 1159 1615 καὶ
1179 1572 1386 1624 δογμάτων
1400 1573 1541 1626 ἀνθρώ-

254 1658 340 1683 ποις
356 1640 558 1683 τεθέντων.

610 1779 647 1816 2.
685 1776 774 1829 περὶ
791 1775 1027 1817 παιδεύσεως
1045 1776 1190 1824 ἠθικῆς.

309 1845 408 1897 φαμὶ
424 1844 498 1885 τὰν
517 1844 659 1896 ἀρετὰν
676 1843 776 1894 ἦμεν
793 1842 919 1883 ποττὸ
933 1843 988 1893 μὴ
1003 1832 1295 1892 κακοδαιμονεῖν
1314 1843 1458 1892 ἱκανὰν,
1472 1844 1546 1883 τὰν

257 1914 300 1956 δὲ
320 1917 458 1956 κακίαν
476 1914 602 1955 ποττὸ
619 1914 674 1964 μὴ
695 1912 944 1963 εὐδαίμονεῖν,
958 1913 1050 1954 αἵκα
1066 1912 1138 1954 τὰς
1157 1911 1258 1963 ἕξιας
1277 1912 1396 1953 αὐτὰς
1410 1914 1543 1963 κρίνω-

257 1999 338 2033 μες.
380 1982 454 2023 αἰεὶ
482 1982 556 2034 μὲν
590 1981 670 2034 γὰρ
698 1982 991 2031 κακοδαιμονεῖν
1020 1978 1175 2031 ἀνάγκα
1199 1979 1270 2020 τὸν
1299 1979 1432 2028 κακὸν,
1460 1980 1546 2021 αἵτε

258 2050 336 2102 ἔχῃ
357 2050 467 2098 ὕλαν,
489 2052 616 2091 κακῶς
633 2065 681 2090 τε
698 2049 776 2101 γὰρ
792 2049 892 2101 αὐτᾷ
905 2046 1076 2100 χρέεται,
1099 2047 1183 2088 αἵτε
1203 2046 1384 2100 σπανίζῃ·
1412 2048 1463 2088 ὣς
1481 2047 1547 2088 καὶ

234 2106 329 2158 ’τὸν
345 2117 510 2169 τυφλὸν,
533 2117 618 2157 αἵτε
636 2119 719 2168 φῶς
739 2115 840 2168 ἔχῃ,.
849 2115 914 2156 καὶ
938 2113 1199 2166 λαμπρότητα
1222 2114 1376 2167 ὁρατὰν,
1400 2115 1485 2155 αἵτε
1506 2117 1551 2155 ἐν

259 2183 395 2226 σκότει
415 2185 590 2237 διατελῇ·
619 2186 689 2225 οὐκ
708 2183 782 2224 αἰεὶ
801 2182 844 2224 δὲ
864 2184 1101 2233 εὐδαιμονεῖν
1117 2181 1188 2222 τὸν
1206 2181 1363 2231 ἀγαθόν.
1406 2183 1451 2222 οὐ
1469 2182 1547 2234 γὰρ

259 2252 286 2293 ἃ
304 2255 443 2302 κτῆσις
460 2254 534 2294 τᾶς
567 2253 708 2304 ἀρετᾶς
739 2249 958 2303 εὐδαιμονία
980 2249 1039 2298 ἧς,
1060 2250 1169 2290 ἀλλὰ
1187 2251 1340 2302 χρᾶσις.
1390 2249 1453 2289 καὶ
1472 2249 1549 2300 γὰρ

261 2324 282 2362 ὁ
309 2321 413 2374 ἔχων
443 2321 518 2369 τὴν
552 2321 640 2373 ὄψιν
667 2322 745 2372 οὐχ
774 2322 845 2374 ὁρᾷ
875 2318 963 2360 αἰεί·
991 2319 1030 2360 αἶ
1058 2318 1135 2371 γὰρ
1164 2318 1218 2368 μὴ
1252 2317 1329 2371 ἔχῃ
1360 2321 1453 2369 φῶς,
1478 2318 1549 2357 οὐκ

262 2389 410 2442 ὄψεται.
451 2388 517 2429 δύο
537 2389 570 2428 δ’
591 2388 671 2429 ὁδοὶ
690 2387 898 2439 τέμνονται
918 2389 960 2429 ἐν
978 2388 1065 2439 βίον
1094 2384 1118 2425 ἆ
1137 2385 1209 2436 μὲν
1239 2383 1546 2438 σκυθρωποτέρα,
