1644 2924
828 527 888 564 12.

370 603 435 642 καί
452 619 518 652 μιν
538 603 595 642 ἐπ’
616 604 832 655 ἀνθρώπους
851 602 960 655 βάξις
979 604 1064 656 ἔχει
1082 607 1253 658 χαλεπή.

424 669 621 721 ἆρ’γαλέης
641 670 713 710 αἰεὶ
733 669 864 721 βάξιος
885 670 1034 721 ἱέμενοι.

822 809 880 846 13.

634 873 796 922 ἀληθείη
815 873 859 914 δὲ
875 873 1056 927 παρέστω

394 941 457 980 σοὶ
476 941 539 980 καὶ
561 941 654 990 ἐμοὶ,
675 939 831 982 πάντων
847 944 982 994 χρῆμα
1001 939 1257 983 δικαιότατον.

541 1366 846 1407 ἈΡΧῙΛΟΧΟΣ
875 1366 920 1406 Ὁ
950 1372 1147 1409 ΠΑΡῙΟΣ.

831 1483 862 1518 l.

259 1545 380 1596 κηδέα
397 1545 470 1597 μὲν
488 1546 712 1594 στονόεντα,
734 1548 957 1598 Περίκλεες·
985 1547 1077 1587 οὐδέ
1091 1564 1151 1589 τις
1170 1550 1296 1589 αὐτῶν

310 1613 557 1665 μεμνόμενος,
579 1612 715 1666 θαλίῃς
732 1613 914 1666 τέρψεται
934 1616 1024 1654 οὔτε
1043 1613 1186 1656 πότοις.

258 1683 386 1723 τοίους
404 1681 480 1733 γὰρ
499 1681 600 1721 κατὰ
618 1683 720 1730 κῦμα
736 1683 1052 1734 πολυφλοίσβοιο
1073 1681 1276 1732 θαλάσσης

311 1750 469 1790 ἔκλυσε·
493 1748 709 1800 μυδαλέους
728 1750 759 1788 δ’
780 1744 873 1801 ἄμφ’
895 1749 1030 1803 ὀδύνῃς
1050 1750 1196 1802 ἔχομεν

255 1818 483 1867 πνεύμονας·
512 1816 619 1856 ἀλλὰ
638 1816 716 1855 θεοὶ
735 1816 811 1868 ’γὰρ
830 1815 1080 1865 ἀνηκέστοισι
1099 1820 1288 1868 κακοῖσιν,

309 1884 339 1925 ὣ
358 1883 453 1936 φίλ’,
478 1884 539 1923 ἐπὶ
559 1884 748 1936 κρατερὴν
764 1885 1017 1934 τλημοσύνην
1035 1885 1174 1926 ἔθεσαν

255 1950 466 2003 φάρμακον.
489 1951 639 1990 ἄλλοτε
658 1951 690 1989 δ’
710 1950 835 1992 ἄλλος
855 1951 940 2003 ἔχει
957 1951 1063 1992 τόδε·
1090 1955 1158 1992 νῦν
1174 1952 1247 2002 μὲν
1266 1956 1305 1994 ἐς
1324 1954 1443 2004 ἡμέας

308 2016 495 2071 ἐτράπεθ’,
517 2015 701 2067 αἱματόεν
719 2018 751 2056 δ’
773 2017 888 2059 ἕλκος
907 2018 1180 2069 ἀναστένομεν.

256 2088 403 2136 ἐξαῦτις
422 2085 453 2124 δ’
474 2083 626 2136 ἑτέρους
645 2085 911 2135 ἐπαμείψεται·
939 2085 1046 2125 ἀλλὰ
1063 2084 1239 2137 τάχιστα

305 2155 442 2200 τλῆτε,
464 2153 683 2202 γυναικεῖον
702 2149 840 2191 πένθος
859 2151 1113 2202 ἀπωσάμενοι.

820 2289 856 2326 2.

252 2355 328 2405 εἰμὶ
349 2355 379 2394 δ’
402 2356 478 2405 ἐγὼ
498 2352 669 2406 θεράπων
685 2353 757 2404 μὲν
774 2353 989 2394 Ἐνυαλίοιο
1010 2354 1186 2403 ἄνακτος,

305 2423 368 2462 καὶ
390 2420 574 2461 Μουσέων
594 2421 730 2473 ἐρατὸν
749 2423 867 2472 δῶρον
887 2419 1150 2470 ἐπιστάμενος.
