1644 2924
854 296 914 339 32

341 418 374 458 εἰ
393 418 434 459 δὲ
455 420 575 470 φύγοι
592 418 666 469 μὲν
685 421 784 471 κῆρα
801 417 1047 469 τανηλεγέος
1067 416 1259 465 θανάτοιο,

393 487 555 529 νικάσας
574 488 606 528 δ’
628 488 774 540 αἰχμᾶς
793 489 949 539 ἀγλαὸν
969 487 1088 539 εὖχος
1107 486 1204 535 ἕλοι,

338 554 485 597 πάντες
502 556 569 605 μὶν
586 558 751 605 τιμῶσιν
769 558 870 606 ὁμῶς
889 554 968 595 νέοι
987 554 1057 602 ἠδὲ
1075 554 1248 602 παλαιοί,

391 623 528 662 πολλὰ
546 621 587 662 δὲ
606 623 754 673 τερπνὰ
771 623 903 662 παθὼν
922 621 1083 674 ἔρχεται
1103 621 1156 663 εἷς
1173 621 1316 662 Ἀΐδαν.

339 689 549 743 γηράσκων
567 690 599 730 δ’
619 690 776 730 ἀστοῖσι
793 688 1043 741 μεταπρέπει,
1065 688 1156 729 οὐδέ
1171 705 1231 729 τις
1252 689 1370 729 αὐτὸν

393 755 590 803 βλάπτειν
609 757 689 796 οὔτ’
710 756 838 797 αἰδοῦς
857 758 948 796 οὔτε
967 756 1076 797 δίκας
1096 755 1233 796 ἐθέλει.

340 824 485 866 πάντες
505 825 537 865 δ’
559 827 602 864 ἐν
621 825 800 864 θῶκοισιν
818 827 919 874 ὁμῶς
938 823 1028 871 νέοι,
1050 825 1090 863 οἵ
1103 840 1150 863 τε
1170 824 1255 863 κατ’
1277 824 1397 864 αὐτὸν

394 893 537 933 εἵκουσ)
559 894 603 932 ἐκ
623 892 764 944 χώρας,
786 893 825 932 οἵ
839 908 886 931 τε
903 892 1167 944 παλαιότεροι.

341 960 489 1001 ταύτας
505 962 573 1000 νῦν
589 976 650 1001 τις
669 959 764 1011 ἀνὴρ
784 960 924 1011 ἀρετᾶς
941 960 995 1001 εἷς
1014 960 1132 1012 ἄκρον
1151 957 1302 999 ἱκέσθαι

393 1026 598 1079 πειράσθω,
621 1027 740 1077 θυμὸν
757 1028 812 1077 μὴ
829 1028 975 1076 μεθιεὶς
993 1026 1180 1077 πολέμου.

866 1165 902 1202 2.

339 1229 478 1282 μέχρις
495 1233 566 1271 τεῦ
585 1229 842 1276 κατάκεισθε;
874 1229 958 1270 'cdv’
978 1229 1146 1279 ἄλκιμον
1165 1227 1273 1280 ἕξετε
1293 1228 1421 1278 θυμὸν,

394 1297 424 1337 ὦ
443 1297 543 1345 νέοι;
575 1299 653 1338 οὐδ’
675 1298 833 1338 αἶδεῖσθ
854 1297 1206 1348 ἀμφιπεριιστίονας,

342 1364 415 1404 ὦδε
434 1365 526 1405 λίαν
542 1365 760 1415 μεθίεντες;
792 1366 835 1404 ἐν
854 1362 984 1415 εἰράνᾳ
1004 1362 1046 1403 δὲ
1066 1365 1218 1403 δοκεῖτε

395 1430 531 1479 ἧσθαις
562 1432 660 1483 ἀτὰρ
677 1432 852 1481 πόλεμος
870 1433 989 1481 γαῖαν
1008 1429 1167 1470 ἅπασαν
1186 1430 1284 1481 ἔχει.

342 1497 385 1538 εὖ
403 1498 449 1538 νύ
465 1515 526 1540 τις
544 1499 691 1540 ἀσπίδα
709 1498 833 1539 θέσθω
853 1497 1078 1544 ἐναντιβίως
1095 1497 1334 1548 πολεμίζειν,

395 1567 461 1608 καί
477 1584 538 1610 τις
557 1566 813 1609 ἀποθνάσκων
831 1567 968 1608 ὕστατ’
989 1565 1245 1607 ἀκοντισάτω.

341 1634 480 1686 τιμᾶέν
496 1652 543 1676 τε
561 1634 640 1687 γάρ
660 1638 747 1676 ἐστι
767 1636 831 1676 καὶ
851 1635 1006 1686 ἀγλαὸν
1024 1634 1142 1686 ἀνδρὶ,
1162 1632 1362 1685 μάχεσθαι

391 1704 468 1752 γᾶς
485 1701 582 1755 πέρι,
605 1703 669 1742 καὶ
687 1702 845 1751 παίδων,
867 1701 1058 1754 κουριδίας
1074 1702 1111 1741 τ’
1132 1700 1297 1753 ἀλόχου,

339 1770 580 1821 δυσμενέσιν.
611 1769 774 1812 θάνατος
791 1769 836 1810 δέ
851 1770 939 1810 ποτ’
961 1769 1134 1818 ἔσσεται,
1155 1768 1304 1809 ὁππότε
1324 1767 1394 1809 κὲν
1411 1769 1459 1816 δὴ

392 1841 521 1891 μοῖραι
540 1839 800 1880 ἐπικλώσωσ’·
828 1837 938 1878 ἀλλά
954 1853 1014 1878 τις
1033 1837 1113 1878 ἰθὺς
1129 1838 1212 1885 ἴτω,

340 1904 464 1957 ἔγχος
483 1905 767 1958 ἀνασχόμενος,
789 1906 853 1946 καὶ
873 1905 935 1945 ὑπ’
956 1904 1119 1945 ἀσπίδος
1138 1904 1306 1953 ἄλκιμον
1324 1902 1420 1955 ἦτορ

394 1971 527 2021 ἔλσας,
547 1973 595 2012 τὸ
613 1976 766 2025 πρῶτον
782 1971 1019 2022 μιγνυμένου
1036 1970 1222 2021 πολέμου.

340 2041 385 2080 οὗ
400 2039 478 2092 γάρ
493 2056 568 2081 κως
588 2038 756 2080 θάνατόν
773 2046 823 2090 γε
846 2042 989 2091 φυγεῖν
1008 2037 1237 2090 εἱμαρμένον
1256 2039 1367 2079 ἐστὶν

395 2108 509 2159 ἄνδρ’,
532 2109 609 2148 οὐδ’
631 2107 664 2147 εἶ
682 2106 884 2159 προγόνων
901 2105 928 2159 ᾖ
946 2105 1062 2156 γένος
1081 2105 1292 2146 ἀθανάτων.

339 2175 515 2215 πολλάκι
533 2176 721 2215 δαῒοτᾶτα
739 2175 875 2226 φυγὼν
894 2174 958 2214 καὶ
978 2175 1121 2213 δοῦπον
1139 2173 1313 2213 ἀκόντων

396 2241 566 2294 ἔρχεται,
590 2243 631 2281 ἐν
650 2241 681 2281 δ’
702 2242 793 2291 οἴκῳ
811 2243 925 2293 μοῖρα
944 2240 1059 2292 κίχεν
1078 2239 1254 2280 θανάτου.

341 2311 433 2351 ἀλλ’
453 2313 474 2351 ὁ
492 2310 565 2361 μὲν
583 2312 652 2350 οὐκ
673 2310 795 2361 ἔμπας
815 2309 920 2362 δάμῳ
940 2310 1066 2362 φίλος,
1088 2310 1176 2350 οὐδὲ
1195 2311 1383 2351 ποθεινός·

393 2378 462 2418 τὸν
481 2378 513 2418 δ’
534 2377 670 2428 ὀλίγος
690 2376 888 2429 στενάχει,
910 2378 974 2418 καὶ
992 2376 1128 2428 μέγας,
1150 2378 1197 2419 ἄν
1215 2395 1254 2418 τι
1273 2378 1385 2432 πάθῃ.
