1644 2924
922 294 987 337 56

925 489 986 526 19.

410 558 457 597 οὕ
473 573 533 598 τις
553 556 694 596 αἰδοῖος
711 555 797 606 μετ’
818 556 950 595 ᾰστῶν
969 553 1106 607 καίπερ
1124 556 1278 606 ἴφθιμος
1298 557 1422 595 θανὼν

410 626 606 675 γίγνεται·
634 621 751 675 χάριν
770 621 812 662 δὲ
830 623 990 672 μᾶλλον
1007 624 1079 661 τοῦ
1097 620 1188 671 ζοοῦ
1207 623 1394 672 διώκομεν

410 695 447 733 οἶ
466 692 558 743 ζοοὶ,
581 690 750 731 κάκιστα
769 692 800 731 δ’
823 691 927 741 αὐτῷ
944 691 1000 741 τῷ
1020 689 1173 730 θανόντι
1192 689 1384 740 γίγνεται.

923 895 986 932 20.

412 963 534 1011 κλῦθ’,
557 963 650 1012 ἅναξ
661 959 875 1011 “Hzpaawre,
898 960 963 1000 καί
979 975 1045 1009 μοι
1065 959 1277 1012 σύμμαχος
1292 959 1536 1011 γουνουμένῳ

410 1032 524 1071 ἵλαος
542 1031 672 1080 γενοῦ,
695 1026 857 1080 χαρίζευ
877 1027 908 1066 δ’
930 1025 992 1066 οἷά
1010 1043 1082 1079 περ
1101 1027 1291 1080 χαρίζεαι.

926 1165 987 1200 21.

686 1229 754 1279 ἡδὲ
775 1230 806 1269 δ’
828 1230 921 1270 ὥστ’
943 1229 1033 1270 ὄνου
1050 1228 1164 1282 ῥάχις

468 1302 637 1349 ἔστηκεν
656 1299 753 1346 υλης
773 1296 910 1348 ἀγρίας
932 1297 1155 1348 ἐπιστεφής.

468 1396 518 1434 ὡς
537 1392 803 1439 Πανελλήνων
822 1391 898 1442 οιζ
885 1409 927 1432 υς
947 1394 986 1432 ἐς
1005 1390 1137 1431 Θάσον
1157 1389 1405 1442 συνέδραμεν.

929 1510 990 1546 22.

469 1578 513 1616 οὐ
531 1575 609 1628 ’γάρ
627 1592 666 1614 τι
686 1575 807 1615 καλὸς
826 1579 963 1627 χῶρος,
986 1575 1064 1614 οὐδ’
1087 1575 1276 1626 ἐφίμερος,

470 1644 547 1683 οὐδ’
570 1643 715 1694 ἐρατὸς,
738 1641 816 1682 οἷος
837 1642 934 1694 ἀμφὶ
956 1641 1081 1694 Σίριος
1099 1640 1198 1693 ῥοάς.

926 1767 990 1802 23.

631 1833 683 1884 τῇ
699 1831 772 1881 μὲν
793 1831 889 1882 ὕδωρ
909 1830 1039 1882 ἐφόρει

473 1896 788 1950 δολοφρονέουσα
806 1898 921 1949 χειρὶ,
944 1896 1083 1950 θητέρῃ
1102 1897 1143 1937 δὲ
1163 1901 1247 1950 πῦρ.

930 2015 991 2051 24⁴.

472 2084 577 2123 τοῖος
596 2081 673 2132 γὰρ
692 2076 915 2132 φιλότητος
928 2078 1019 2130 ἔρως
1039 2079 1112 2118 ὑπὸ
1130 2078 1288 2131 καρδίην
1308 2081 1487 2120 ἐλυσθεῖς

526 2151 686 2198 πολλὴν
704 2148 790 2188 κατ’
811 2146 979 2199 ἇχλὺν’
962 2145 1145 2196 ομμοίτων
1164 2146 1291 2198 ἔχευε,

475 2217 624 2270 κλέψας
644 2219 688 2257 ἐκ
708 2213 884 2263 στηθέων
903 2212 1058 2254 ἁπαλὰς
1077 2212 1272 2266 φρένας-

530 2309 763 2360 Mon-nvos*
741 2325 919 2361 εγκειμαι
937 2308 1053 2358 πόθῳ,

476 2379 638 2431 ἄψυχος,
660 2378 866 2429 χαλεπῇσι
885 2379 982 2416 θεῶν
1001 2375 1180 2427 ὀδύνῃσιν
1201 2373 1310 2422 ἕκητι

529 2444 770 2498 πεπαρμένος
790 2445 836 2484 δι’
857 2430 1015 2484 ὀστέων.
