1644 2924
817 268 883 314 94·

259 396 439 446 Εὔμηλός
455 413 513 445 τε,
532 396 734 446 Λεοντεὺς,
756 396 996 450 Εὐρυπύλοιο
1015 397 1086 447 βίη
1102 414 1161 447 τε,

257 460 487 513 Δημοφόων,
500 463 679 513 Ἀκαμας
696 479 743 504 τε
762 463 827 504 καὶ
838 464 1063 513 Ἄντικλος,
1083 464 1127 506 ὃς
1146 462 1262 506 θάνεν
1277 466 1396 518 ἵππῳ,

258 528 464 578 Πηνελέως
481 547 540 579 τε,
560 530 700 582 Μέγης
717 547 765 571 τε
783 530 848 571 καὶ
866 529 1106 583 Ἀντιφάτης
1125 531 1188 572 ἐπὶ
1205 534 1345 583 τοῖσιν,

258 597 471 648 Ἰφίδαμας,
492 597 587 651 πρὸς
606 598 638 638 δ’
658 597 882 650 Εὐρύδαμας
900 599 965 639 καὶ
983 599 1227 652 Ἀμφίδαμας
1244 617 1316 650 τις,

256 664 334 717 πὰρ
353 665 386 705 δ’
405 666 479 717 ἄρα
495 667 623 706 τοῖσιν
638 665 791 707 Ἐπειὸς
809 666 873 707 καὶ
892 666 1079 708 Ὀδυσεὺς
1095 667 1362 715 πολύβουλος.

311 733 404 772 ἀλλ’
426 733 484 784 ἄρ’
503 733 709 785 Ἀτρείδων
726 737 849 780 βαιῶν
867 735 903 775 τ’
924 735 1061 776 ἄλλων
1080 735 1182 777 εἶδος
1202 735 1362 778 ἐνίσπω.

257 801 378 853 αὐτὰρ
398 801 516 841 ἔπειτ’
541 800 632 854 ἐρέω
650 801 780 843 πάντα
797 801 930 851 πάλιν,
953 803 996 843 εὖ
1014 804 1116 845 κατὰ
1134 803 1295 855 κόσμον.

256 870 345 916 ἤτοι
362 868 436 919 μὲν
454 867 626 920 κρατέων
644 870 912 920 Ἀγαμέμνων,
934 870 1110 923 κοίρανος
1129 872 1286 924 ἆνδρῶν,

257 937 399 978 λευκὸς
417 937 496 985 ἔην,
515 936 651 988 μέγας,
674 939 914 989 εὐρυπῶγων,
934 939 1209 991 κυανοχαίτης,

258 1003 437 1054 ἦῢγένης,
460 1005 718 1053 εὐπαίδευτος,
738 1005 981 1058 μακάρεσσιν
999 1009 1140 1056 ὁμοῖος.

257 1074 342 1112 τοῖο
362 1072 395 1112 δ’
415 1072 588 1121 ἀδελφὸς
606 1072 719 1119 βαιὸς
738 1072 807 1122 ἔην
825 1072 954 1124 δέμας,
976 1074 1064 1126 εἶχε
1083 1075 1115 1114 δ’
1135 1075 1193 1127 ἆρ’
1213 1074 1333 1128 εὖρος,

256 1139 495 1194 πυῤῥόχροος
514 1142 546 1180 δ’
566 1141 624 1193 ἆρ’
645 1141 724 1190 ἔην,
746 1142 998 1193 δασυπώγων,
1019 1141 1287 1196 ξανθοέθειρος.

257 1207 421 1260 Νέστωρ
440 1208 473 1248 δ’
494 1207 542 1248 αὖ
558 1206 695 1259 μέγας,
715 1208 786 1257 ἠδὲ
805 1207 996 1262 κατάῤῥις,
1015 1209 1240 1260 γλαυκιόων
1255 1227 1316 1259 τε,

256 1273 455 1327 μάκροψις,
477 1274 702 1329 ὖπόπυρῥος,
722 1276 974 1327 λευκόκομος,
995 1276 1296 1331 πολυφράδμων.

255 1342 469 1393 Ἰδομενεὺς
488 1343 522 1382 δ’
540 1342 614 1394 ἄρα
630 1342 787 1395 γόργος,
808 1343 1058 1396 κυανόχρους,
1077 1344 1281 1396 μεσοήλιξ,

256 1410 462 1460 κονδόθριξ,
483 1410 736 1460 δασυπώγων,
758 1412 870 1462 εὕριν,
893 1411 1166 1464 οὐλοκάρηνος,

257 1475 451 1527 Μηριόνης
467 1476 589 1525 βαιὸς,
609 1476 774 1524 πλατὺς,
797 1478 930 1529 εὕθριξ,
952 1475 1202 1529 οὐλοέθειρος,

256 1544 408 1591 λευκὸς,
429 1542 699 1596 στρεβλόῤῥιν,
722 1545 919 1595 εὐπώγων,
942 1544 1222 1597 εὐρυμέτωπος.

254 1611 401 1664 Λοκρὸς
420 1611 452 1651 δ’
471 1611 555 1652 αὖτ’
575 1611 633 1663 ἄρ’
653 1611 722 1660 ἔην
738 1611 894 1665 μακρὸς,
916 1613 1020 1653 ὅσσα
1038 1613 1081 1654 δὲ
1099 1615 1185 1654 τοῖο
1205 1614 1381 1666 φαολκὲ,

255 1677 455 1731 μάκροψις,
474 1679 701 1731 μελίχρους,
723 1679 911 1732 οὐλόθριξ,
933 1679 1207 1732 κυανοχαίτης.

257 1744 426 1797 Κάλχας
442 1745 575 1798 μικρὸς
594 1745 672 1794 ἔην,
693 1747 851 1796 λεπτὸς,
871 1747 1023 1796 λευκὸς,
1045 1749 1299 1799 δασυχαίτης,

256 1815 381 1867 κρᾶτα
396 1811 523 1866 φέρων
539 1812 694 1862 πολίην,
715 1811 933 1854 ὁλόλευκον
949 1814 1044 1867 πρὸς
1063 1815 1097 1854 δ’
1115 1815 1173 1867 ἀρ’
1197 1815 1355 1866 ὑπήνην.

257 1880 441 1930 Τυδείδης
457 1883 489 1921 δ’
511 1881 585 1934 ἄρα
604 1882 755 1931 σώματι
773 1880 845 1929 ἦεν
861 1880 1172 1933 τεσσαράγωνος,

258 1947 479 2000 εὐσχήμων,
501 1947 625 1998 σίμος,
646 1948 898 2000 στειναύχην,
919 1950 1195 2000 ξανθογένειος.

256 2014 457 2067 δουρατίου
475 2015 507 2054 δ’
527 2015 601 2067 ἄρα
617 2015 738 2055 ἵππου
755 2014 906 2056 τέκτων
923 2016 994 2063 ἦεν
1010 2014 1163 2057 Ἐπειὸς

255 2083 407 2131 λευκὸς,
430 2084 472 2122 ἐν
489 2082 633 2134 ἡλικίῃ,
652 2082 788 2133 μέγας,
810 2084 977 2135 εὔχαρις,
999 2085 1096 2124 εἴδεΐ
1111 2083 1244 2125 καλός.

257 2150 378 2202 αὐτὰρ
394 2149 610 2190 Ὀδυσσεὺς
626 2148 785 2198 ἡλικίην
801 2148 923 2200 μέσος
939 2150 990 2198 ἦν
1009 2150 1065 2192 ἰδὲ
1084 2151 1258 2205 γάστωρ,

257 2217 408 2266 λευκὸς,
430 2216 626 2270 ἁπλόθριξ,
646 2216 716 2266 ἠδὲ
736 2216 929 2271 κατάῤῥιν,
949 2219 1173 2269 γλαυκιόων
1191 2232 1254 2260 τε·

259 2286 428 2326 ὕστατος
446 2283 530 2325 αὖτ’
550 2285 686 2326 ἄλλων
705 2286 844 2332 ἐπιβὰς
861 2287 952 2327 ποτὶ
972 2286 1130 2340 δούρεον
1145 2288 1277 2338 ἵππον,

258 2355 373 2395 τοῦδε
393 2351 511 2407 θύρην
529 2353 714 2403 κλήϊσσε·
742 2353 850 2405 ῥίγια
867 2356 899 2395 δ’
921 2354 1048 2397 εἴδετο
1068 2355 1174 2407 ἔργα.
