<?xml version="1.0" encoding="UTF-8"?>
<!DOCTYPE html PUBLIC "-//W3C//DTD XHTML 1.0 Transitional//EN"
    "http://www.w3.org/TR/xhtml1/DTD/xhtml1-transitional.dtd">
<html xmlns="http://www.w3.org/1999/xhtml" xml:lang="en" lang="en">
 <head>
  <title>
</title>
<meta http-equiv="Content-Type" content="text/html;charset=utf-8" />
  <meta name='ocr-system' content='tesseract 3.04.00' />
  <meta name='ocr-capabilities' content='ocr_page ocr_carea ocr_par ocr_line ocrx_word'/>
</head>
<body>
  <div class='ocr_page' id='page_1' title='image "./scriptoresgraeci01gileuoft_0138.png"; bbox 0 0 1644 2924; ppageno 0'>
   <div class='ocr_carea' id='block_1_1' title="bbox 816 270 880 314">
    <p class='ocr_par' dir='ltr' id='par_1_1' title="bbox 816 270 880 314">
     <span class='ocr_line' id='line_1_1' title="bbox 816 270 880 314; baseline 0.016 -1"><span class='ocrx_word' id='word_1_1' title='bbox 816 270 880 314; x_wconf 85' lang='lat'>26</span> 
     </span>
    </p>
   </div>
   <div class='ocr_carea' id='block_1_2' title="bbox 308 398 1370 516">
    <p class='ocr_par' dir='ltr' id='par_1_2' title="bbox 308 398 1370 516">
     <span class='ocr_line' id='line_1_2' title="bbox 308 398 1370 452; baseline 0 -13"><span class='ocrx_word' id='word_1_2' title='bbox 308 398 396 439; x_wconf 83' lang='grc' dir='ltr'>οὐδὲ</span> <span class='ocrx_word' id='word_1_3' title='bbox 414 399 574 438; x_wconf 76' lang='grc' dir='ltr'>τεθνᾶσι</span> <span class='ocrx_word' id='word_1_4' title='bbox 593 398 785 445; x_wconf 79' lang='grc' dir='ltr'>θανόντες,</span> <span class='ocrx_word' id='word_1_5' title='bbox 807 398 892 438; x_wconf 72' lang='grc' dir='ltr'>ἐπεί</span> <span class='ocrx_word' id='word_1_6' title='bbox 909 398 977 450; x_wconf 93' lang='grc' dir='ltr'>σφ’</span> <span class='ocrx_word' id='word_1_7' title='bbox 997 399 1115 452; x_wconf 81' lang='grc' dir='ltr'>ἀρετὴ</span> <span class='ocrx_word' id='word_1_8' title='bbox 1134 398 1370 450; x_wconf 84' lang='grc' dir='ltr'>καθύπερθεν</span> 
     </span>
     <span class='ocr_line' id='line_1_3' title="bbox 362 463 1148 516; baseline 0 -11"><span class='ocrx_word' id='word_1_9' title='bbox 362 465 579 506; x_wconf 62' lang='grc' dir='ltr'>κυδαίνουσ)</span> <span class='ocrx_word' id='word_1_10' title='bbox 598 463 735 515; x_wconf 75' lang='grc' dir='ltr'>ἀνάγει</span> <span class='ocrx_word' id='word_1_11' title='bbox 754 465 928 515; x_wconf 77' lang='grc' dir='ltr'>δώματος</span> <span class='ocrx_word' id='word_1_12' title='bbox 946 467 987 516; x_wconf 80' lang='grc' dir='ltr'>ἐξ</span> <span class='ocrx_word' id='word_1_13' title='bbox 1003 464 1148 507; x_wconf 72' lang='grc' dir='ltr'>Ἀΐδεω.</span> 
     </span>
    </p>
   </div>
   <div class='ocr_carea' id='block_1_3' title="bbox 305 602 1400 922">
    <p class='ocr_par' dir='ltr' id='par_1_3' title="bbox 305 602 1400 922">
     <span class='ocr_line' id='line_1_4' title="bbox 811 602 874 642; baseline 0 -2"><span class='ocrx_word' id='word_1_14' title='bbox 811 602 874 642; x_wconf 89' lang='grc'>31.</span> 
     </span>
     <span class='ocr_line' id='line_1_5' title="bbox 309 665 1223 719; baseline -0.001 -11"><span class='ocrx_word' id='word_1_15' title='bbox 309 666 472 708; x_wconf 77' lang='grc' dir='ltr'>εὐκλέας</span> <span class='ocrx_word' id='word_1_16' title='bbox 491 666 556 708; x_wconf 77' lang='grc' dir='ltr'>αἶα</span> <span class='ocrx_word' id='word_1_17' title='bbox 574 665 743 716; x_wconf 85' lang='grc' dir='ltr'>κέκευθε,</span> <span class='ocrx_word' id='word_1_18' title='bbox 764 669 946 717; x_wconf 76' lang='grc' dir='ltr'>Λεωνίδα,</span> <span class='ocrx_word' id='word_1_19' title='bbox 966 669 1004 708; x_wconf 75' lang='lat'>0²</span> <span class='ocrx_word' id='word_1_20' title='bbox 1020 669 1122 719; x_wconf 82' lang='grc' dir='ltr'>μετὰ</span> <span class='ocrx_word' id='word_1_21' title='bbox 1139 670 1223 709; x_wconf 82' lang='grc' dir='ltr'>σεῖο</span> 
     </span>
     <span class='ocr_line' id='line_1_6' title="bbox 359 733 1241 789; baseline 0 -13"><span class='ocrx_word' id='word_1_22' title='bbox 359 736 445 789; x_wconf 78' lang='grc' dir='ltr'>τῇδ’</span> <span class='ocrx_word' id='word_1_23' title='bbox 465 735 612 783; x_wconf 76' lang='grc' dir='ltr'>ἔθανον,</span> <span class='ocrx_word' id='word_1_24' title='bbox 633 733 814 788; x_wconf 76' lang='grc' dir='ltr'>Σπάρτας</span> <span class='ocrx_word' id='word_1_25' title='bbox 833 735 1043 789; x_wconf 83' lang='grc' dir='ltr'>εὐρυχόρου</span> <span class='ocrx_word' id='word_1_26' title='bbox 1060 738 1241 784; x_wconf 81' lang='grc' dir='ltr'>βασιλεῦ,</span> 
     </span>
     <span class='ocr_line' id='line_1_7' title="bbox 305 801 1400 854; baseline 0.001 -12"><span class='ocrx_word' id='word_1_27' title='bbox 305 801 507 843; x_wconf 76' lang='grc' dir='ltr'>πλείστων</span> <span class='ocrx_word' id='word_1_28' title='bbox 524 803 572 851; x_wconf 77' lang='grc' dir='ltr'>δὴ</span> <span class='ocrx_word' id='word_1_29' title='bbox 589 801 712 854; x_wconf 80' lang='grc' dir='ltr'>τόξων</span> <span class='ocrx_word' id='word_1_30' title='bbox 728 819 786 852; x_wconf 89' lang='grc' dir='ltr'>τε,</span> <span class='ocrx_word' id='word_1_31' title='bbox 805 803 873 843; x_wconf 81' lang='grc' dir='ltr'>καὶ.</span> <span class='ocrx_word' id='word_1_32' title='bbox 887 801 1093 845; x_wconf 83' lang='grc' dir='ltr'>ὠκυπόδων</span> <span class='ocrx_word' id='word_1_33' title='bbox 1110 802 1246 845; x_wconf 81' lang='grc' dir='ltr'>σθένος</span> <span class='ocrx_word' id='word_1_34' title='bbox 1261 802 1400 850; x_wconf 74' lang='grc' dir='ltr'>ἵππων,</span> 
     </span>
     <span class='ocr_line' id='line_1_8' title="bbox 361 870 1175 922; baseline 0 -12"><span class='ocrx_word' id='word_1_35' title='bbox 361 870 539 919; x_wconf 82' lang='grc' dir='ltr'>Μηδείων</span> <span class='ocrx_word' id='word_1_36' title='bbox 555 870 593 910; x_wconf 87' lang='grc' dir='ltr'>τ’</span> <span class='ocrx_word' id='word_1_37' title='bbox 612 870 757 922; x_wconf 82' lang='grc' dir='ltr'>ἀνδρῶν</span> <span class='ocrx_word' id='word_1_38' title='bbox 775 870 972 922; x_wconf 81' lang='grc' dir='ltr'>δεξάμενοι</span> <span class='ocrx_word' id='word_1_39' title='bbox 990 870 1175 922; x_wconf 88' lang='grc' dir='ltr'>πόλεμον.</span> 
     </span>
    </p>
   </div>
   <div class='ocr_carea' id='block_1_4' title="bbox 307 1008 1341 1324">
    <p class='ocr_par' dir='ltr' id='par_1_4' title="bbox 366 1008 876 1050">
     <span class='ocr_line' id='line_1_9' title="bbox 366 1008 876 1050; baseline -0.01 0"><span class='ocrx_word' id='word_1_40' title='bbox 366 1038 373 1050; x_wconf 84' lang='grc'><em>.</em></span> <span class='ocrx_word' id='word_1_41' title='bbox 812 1008 876 1046; x_wconf 86' lang='grc'>32.</span> 
     </span>
    </p>

    <p class='ocr_par' dir='ltr' id='par_1_5' title="bbox 307 1069 1341 1192">
     <span class='ocr_line' id='line_1_10' title="bbox 307 1069 1341 1123; baseline 0.004 -13"><span class='ocrx_word' id='word_1_42' title='bbox 307 1073 430 1123; x_wconf 84' lang='grc' dir='ltr'>θηρῶν</span> <span class='ocrx_word' id='word_1_43' title='bbox 446 1070 520 1120; x_wconf 81' lang='grc' dir='ltr'>μὲν</span> <span class='ocrx_word' id='word_1_44' title='bbox 537 1069 745 1123; x_wconf 77' lang='grc' dir='ltr'>κάρτιστος</span> <span class='ocrx_word' id='word_1_45' title='bbox 765 1073 856 1123; x_wconf 77' lang='grc' dir='ltr'>ἐγὼ,</span> <span class='ocrx_word' id='word_1_46' title='bbox 877 1075 1026 1114; x_wconf 78' lang='grc' dir='ltr'>θνατῶν</span> <span class='ocrx_word' id='word_1_47' title='bbox 1044 1072 1088 1121; x_wconf 88' lang='grc' dir='ltr'>δ’,</span> <span class='ocrx_word' id='word_1_48' title='bbox 1109 1072 1155 1112; x_wconf 68' lang='grc' dir='ltr'>ὃν</span> <span class='ocrx_word' id='word_1_49' title='bbox 1174 1073 1254 1123; x_wconf 78' lang='grc' dir='ltr'>ἐγὼ</span> <span class='ocrx_word' id='word_1_50' title='bbox 1271 1074 1341 1113; x_wconf 77' lang='grc' dir='ltr'>νῦν</span> 
     </span>
     <span class='ocr_line' id='line_1_11' title="bbox 361 1137 1147 1192; baseline 0.001 -14"><span class='ocrx_word' id='word_1_51' title='bbox 361 1141 522 1190; x_wconf 86' lang='grc' dir='ltr'>φρουρῶ,</span> <span class='ocrx_word' id='word_1_52' title='bbox 543 1139 645 1190; x_wconf 79' lang='grc' dir='ltr'>τῷδε</span> <span class='ocrx_word' id='word_1_53' title='bbox 661 1137 774 1192; x_wconf 85' lang='grc' dir='ltr'>τάφῳ</span> <span class='ocrx_word' id='word_1_54' title='bbox 792 1139 913 1191; x_wconf 76' lang='grc' dir='ltr'>λαΐνῳ</span> <span class='ocrx_word' id='word_1_55' title='bbox 932 1140 1147 1190; x_wconf 81' lang='grc' dir='ltr'>ἐμβεβαώς.</span> 
     </span>
    </p>

    <p class='ocr_par' dir='ltr' id='par_1_6' title="bbox 308 1203 1313 1324">
     <span class='ocr_line' id='line_1_12' title="bbox 308 1203 1313 1258; baseline 0.003 -14"><span class='ocrx_word' id='word_1_56' title='bbox 308 1204 401 1245; x_wconf 83' lang='grc' dir='ltr'>ἀλλ’</span> <span class='ocrx_word' id='word_1_57' title='bbox 421 1204 455 1244; x_wconf 79' lang='grc' dir='ltr'>εἰ</span> <span class='ocrx_word' id='word_1_58' title='bbox 471 1205 525 1255; x_wconf 79' lang='grc' dir='ltr'>μὴ</span> <span class='ocrx_word' id='word_1_59' title='bbox 545 1203 663 1256; x_wconf 88' lang='grc' dir='ltr'>θυμόν</span> <span class='ocrx_word' id='word_1_60' title='bbox 680 1221 731 1257; x_wconf 73' lang='grc' dir='ltr'>’γε</span> <span class='ocrx_word' id='word_1_61' title='bbox 747 1205 856 1248; x_wconf 83' lang='grc' dir='ltr'>Λέων</span> <span class='ocrx_word' id='word_1_62' title='bbox 874 1207 977 1258; x_wconf 82' lang='grc' dir='ltr'>ἐμὸν,</span> <span class='ocrx_word' id='word_1_63' title='bbox 998 1208 1048 1248; x_wconf 83' lang='grc' dir='ltr'>ὥς</span> <span class='ocrx_word' id='word_1_64' title='bbox 1067 1206 1172 1257; x_wconf 82' lang='grc' dir='ltr'>ὄνομ’</span> <span class='ocrx_word' id='word_1_65' title='bbox 1192 1205 1313 1258; x_wconf 78' lang='grc' dir='ltr'>εἶχεν,</span> 
     </span>
     <span class='ocr_line' id='line_1_13' title="bbox 360 1271 1194 1324; baseline 0.004 -13"><span class='ocrx_word' id='word_1_66' title='bbox 360 1272 431 1311; x_wconf 85' lang='grc' dir='ltr'>οὐκ</span> <span class='ocrx_word' id='word_1_67' title='bbox 449 1271 498 1312; x_wconf 75' lang='grc' dir='ltr'>διν</span> <span class='ocrx_word' id='word_1_68' title='bbox 515 1273 594 1322; x_wconf 78' lang='grc' dir='ltr'>ἐγὼ</span> <span class='ocrx_word' id='word_1_69' title='bbox 611 1273 748 1324; x_wconf 84' lang='grc' dir='ltr'>τύμβῳ</span> <span class='ocrx_word' id='word_1_70' title='bbox 764 1273 855 1324; x_wconf 72' lang='grc' dir='ltr'>τῷδ’</span> <span class='ocrx_word' id='word_1_71' title='bbox 876 1272 1046 1322; x_wconf 83' lang='grc' dir='ltr'>ἐπέθηκα</span> <span class='ocrx_word' id='word_1_72' title='bbox 1063 1272 1194 1314; x_wconf 88' lang='grc' dir='ltr'>πόδας.</span> 
     </span>
    </p>
   </div>
   <div class='ocr_carea' id='block_1_5' title="bbox 307 1409 1286 1727">
    <p class='ocr_par' dir='ltr' id='par_1_7' title="bbox 307 1409 1286 1727">
     <span class='ocr_line' id='line_1_14' title="bbox 812 1409 874 1446; baseline 0 0"><span class='ocrx_word' id='word_1_73' title='bbox 812 1409 874 1446; x_wconf 88' lang='grc'>33.</span> 
     </span>
     <span class='ocr_line' id='line_1_15' title="bbox 308 1471 1286 1526; baseline 0 -12"><span class='ocrx_word' id='word_1_74' title='bbox 308 1473 380 1514; x_wconf 77' lang='grc' dir='ltr'>αἵδ’</span> <span class='ocrx_word' id='word_1_75' title='bbox 400 1471 494 1526; x_wconf 79' lang='grc' dir='ltr'>ὑπὲρ</span> <span class='ocrx_word' id='word_1_76' title='bbox 511 1472 714 1513; x_wconf 82' lang='grc' dir='ltr'>Ἑλλάνων</span> <span class='ocrx_word' id='word_1_77' title='bbox 727 1488 774 1512; x_wconf 89' lang='grc' dir='ltr'>τε</span> <span class='ocrx_word' id='word_1_78' title='bbox 794 1473 858 1514; x_wconf 77' lang='grc' dir='ltr'>καὶ</span> <span class='ocrx_word' id='word_1_79' title='bbox 877 1473 1074 1525; x_wconf 75' lang='grc' dir='ltr'>ἰθυμάχων</span> <span class='ocrx_word' id='word_1_80' title='bbox 1090 1476 1286 1523; x_wconf 80' lang='grc' dir='ltr'>πολιητᾶν</span> 
     </span>
     <span class='ocr_line' id='line_1_16' title="bbox 361 1538 1144 1594; baseline 0 -13"><span class='ocrx_word' id='word_1_81' title='bbox 361 1540 526 1581; x_wconf 79' lang='grc' dir='ltr'>ἔσταθεν</span> <span class='ocrx_word' id='word_1_82' title='bbox 545 1538 745 1591; x_wconf 76' lang='grc' dir='ltr'>εὐξάμεναι</span> <span class='ocrx_word' id='word_1_83' title='bbox 763 1540 924 1594; x_wconf 81' lang='grc' dir='ltr'>Κύπριδι</span> <span class='ocrx_word' id='word_1_84' title='bbox 943 1542 1144 1591; x_wconf 88' lang='grc' dir='ltr'>δαιμόνιαι·</span> 
     </span>
     <span class='ocr_line' id='line_1_17' title="bbox 307 1606 1229 1662; baseline 0.001 -14"><span class='ocrx_word' id='word_1_85' title='bbox 307 1609 352 1648; x_wconf 91' lang='grc' dir='ltr'>οὐ</span> <span class='ocrx_word' id='word_1_86' title='bbox 369 1607 447 1660; x_wconf 77' lang='grc' dir='ltr'>γὰρ</span> <span class='ocrx_word' id='word_1_87' title='bbox 465 1606 733 1661; x_wconf 83' lang='grc' dir='ltr'>τοξοφόροισιν</span> <span class='ocrx_word' id='word_1_88' title='bbox 752 1607 927 1658; x_wconf 85' lang='grc' dir='ltr'>ἐμήσατο</span> <span class='ocrx_word' id='word_1_89' title='bbox 945 1608 999 1649; x_wconf 81' lang='grc' dir='ltr'>δῖ’</span> <span class='ocrx_word' id='word_1_90' title='bbox 1017 1609 1229 1662; x_wconf 82' lang='grc' dir='ltr'>Ἀφροδίτα</span> 
     </span>
     <span class='ocr_line' id='line_1_18' title="bbox 361 1672 1171 1727; baseline 0.001 -13"><span class='ocrx_word' id='word_1_91' title='bbox 361 1673 507 1723; x_wconf 83' lang='grc' dir='ltr'>Μήδοις</span> <span class='ocrx_word' id='word_1_92' title='bbox 523 1672 725 1716; x_wconf 77' lang='grc' dir='ltr'>Ἑλλάνων</span> <span class='ocrx_word' id='word_1_93' title='bbox 743 1674 955 1726; x_wconf 78' lang='grc' dir='ltr'>ἀκρόπολιν</span> <span class='ocrx_word' id='word_1_94' title='bbox 970 1674 1171 1727; x_wconf 89' lang='grc' dir='ltr'>προδόμεν.</span> 
     </span>
    </p>
   </div>
   <div class='ocr_carea' id='block_1_6' title="bbox 811 1812 873 1849">
    <p class='ocr_par' dir='ltr' id='par_1_8' title="bbox 811 1812 873 1849">
     <span class='ocr_line' id='line_1_19' title="bbox 811 1812 873 1849; baseline 0.016 -1"><span class='ocrx_word' id='word_1_95' title='bbox 811 1812 873 1849; x_wconf 81' lang='lat'>34.</span> 
     </span>
    </p>
   </div>
   <div class='ocr_carea' id='block_1_7' title="bbox 305 1875 1276 1997">
    <p class='ocr_par' dir='ltr' id='par_1_9' title="bbox 305 1875 1276 1997">
     <span class='ocr_line' id='line_1_20' title="bbox 305 1875 1276 1930; baseline 0 -12"><span class='ocrx_word' id='word_1_96' title='bbox 305 1877 416 1918; x_wconf 81' lang='grc' dir='ltr'>ταῦτ’</span> <span class='ocrx_word' id='word_1_97' title='bbox 436 1877 512 1917; x_wconf 82' lang='grc' dir='ltr'>ἀπὸ</span> <span class='ocrx_word' id='word_1_98' title='bbox 532 1875 751 1928; x_wconf 88' lang='grc' dir='ltr'>δυσμενέων</span> <span class='ocrx_word' id='word_1_99' title='bbox 770 1876 912 1925; x_wconf 88' lang='grc' dir='ltr'>Μήδων</span> <span class='ocrx_word' id='word_1_100' title='bbox 930 1879 1065 1917; x_wconf 85' lang='grc' dir='ltr'>ναῦται</span> <span class='ocrx_word' id='word_1_101' title='bbox 1083 1878 1276 1930; x_wconf 76' lang='grc' dir='ltr'>Διοδώρου</span> 
     </span>
     <span class='ocr_line' id='line_1_21' title="bbox 360 1942 1199 1997; baseline 0.001 -14"><span class='ocrx_word' id='word_1_102' title='bbox 360 1943 451 1984; x_wconf 78' lang='grc' dir='ltr'>ὅπλ’</span> <span class='ocrx_word' id='word_1_103' title='bbox 471 1943 607 1984; x_wconf 83' lang='grc' dir='ltr'>ἀνέθεν</span> <span class='ocrx_word' id='word_1_104' title='bbox 621 1947 754 1993; x_wconf 87' lang='grc' dir='ltr'>Λατοῒ,</span> <span class='ocrx_word' id='word_1_105' title='bbox 774 1942 958 1996; x_wconf 84' lang='grc' dir='ltr'>μνάματα</span> <span class='ocrx_word' id='word_1_106' title='bbox 975 1945 1199 1997; x_wconf 89' lang='grc' dir='ltr'>ναυμαχίας.</span> 
     </span>
    </p>
   </div>
   <div class='ocr_carea' id='block_1_8' title="bbox 306 2081 1369 2401">
    <p class='ocr_par' dir='ltr' id='par_1_10' title="bbox 306 2081 1369 2401">
     <span class='ocr_line' id='line_1_22' title="bbox 808 2081 871 2118; baseline 0 0"><span class='ocrx_word' id='word_1_107' title='bbox 808 2081 871 2118; x_wconf 86' lang='grc'>35.</span> 
     </span>
     <span class='ocr_line' id='line_1_23' title="bbox 307 2145 1369 2199; baseline 0.003 -14"><span class='ocrx_word' id='word_1_108' title='bbox 307 2145 549 2198; x_wconf 88' lang='grc' dir='ltr'>Δημόκριτος</span> <span class='ocrx_word' id='word_1_109' title='bbox 566 2145 696 2197; x_wconf 88' lang='grc' dir='ltr'>τρίτος</span> <span class='ocrx_word' id='word_1_110' title='bbox 714 2145 804 2197; x_wconf 78' lang='grc' dir='ltr'>ἦρξε</span> <span class='ocrx_word' id='word_1_111' title='bbox 821 2145 964 2198; x_wconf 85' lang='grc' dir='ltr'>μάχης,</span> <span class='ocrx_word' id='word_1_112' title='bbox 986 2146 1054 2186; x_wconf 81' lang='grc' dir='ltr'>ὅτε</span> <span class='ocrx_word' id='word_1_113' title='bbox 1071 2146 1148 2199; x_wconf 80' lang='grc' dir='ltr'>πὰρ</span> <span class='ocrx_word' id='word_1_114' title='bbox 1167 2149 1369 2198; x_wconf 76' lang='grc' dir='ltr'>Σαλαμῖνα</span> 
     </span>
     <span class='ocr_line' id='line_1_24' title="bbox 350 2211 1199 2264; baseline 0 -11"><span class='ocrx_word' id='word_1_115' title='bbox 350 2211 550 2261; x_wconf 77' lang='grc' dir='ltr'>Ἐλληνες</span> <span class='ocrx_word' id='word_1_116' title='bbox 571 2212 716 2261; x_wconf 82' lang='grc' dir='ltr'>Μήδοις</span> <span class='ocrx_word' id='word_1_117' title='bbox 735 2212 942 2263; x_wconf 83' lang='grc' dir='ltr'>σύμβαλον</span> <span class='ocrx_word' id='word_1_118' title='bbox 961 2215 1003 2254; x_wconf 83' lang='grc' dir='ltr'>ἐν</span> <span class='ocrx_word' id='word_1_119' title='bbox 1020 2212 1199 2264; x_wconf 76' lang='grc' dir='ltr'>πελάγει.</span> 
     </span>
     <span class='ocr_line' id='line_1_25' title="bbox 306 2278 1302 2333; baseline 0.003 -13"><span class='ocrx_word' id='word_1_120' title='bbox 306 2279 425 2321; x_wconf 84' lang='grc' dir='ltr'>πέντε</span> <span class='ocrx_word' id='word_1_121' title='bbox 443 2278 486 2321; x_wconf 76' lang='grc' dir='ltr'>δὲ</span> <span class='ocrx_word' id='word_1_122' title='bbox 505 2283 599 2329; x_wconf 86' lang='grc' dir='ltr'>νῆας</span> <span class='ocrx_word' id='word_1_123' title='bbox 619 2279 712 2323; x_wconf 78' lang='grc' dir='ltr'>ἕλεν</span> <span class='ocrx_word' id='word_1_124' title='bbox 729 2280 854 2330; x_wconf 77' lang='grc' dir='ltr'>δηΐων,</span> <span class='ocrx_word' id='word_1_125' title='bbox 877 2280 996 2330; x_wconf 78' lang='grc' dir='ltr'>ἕκτην</span> <span class='ocrx_word' id='word_1_126' title='bbox 1014 2281 1046 2321; x_wconf 83' lang='grc' dir='ltr'>δ’</span> <span class='ocrx_word' id='word_1_127' title='bbox 1065 2280 1142 2325; x_wconf 71' lang='grc' dir='ltr'>ἀπὸ</span> <span class='ocrx_word' id='word_1_128' title='bbox 1159 2285 1302 2333; x_wconf 81' lang='grc' dir='ltr'>χειρῶν</span> 
     </span>
     <span class='ocr_line' id='line_1_26' title="bbox 360 2346 1278 2401; baseline 0.001 -13"><span class='ocrx_word' id='word_1_129' title='bbox 360 2346 506 2399; x_wconf 80' lang='grc' dir='ltr'>ῥύσατο</span> <span class='ocrx_word' id='word_1_130' title='bbox 525 2351 769 2399; x_wconf 82' lang='grc' dir='ltr'>βαρβαρικῶν</span> <span class='ocrx_word' id='word_1_131' title='bbox 786 2349 922 2401; x_wconf 85' lang='grc' dir='ltr'>Δωρίδ’</span> <span class='ocrx_word' id='word_1_132' title='bbox 942 2347 1215 2399; x_wconf 76' lang='grc' dir='ltr'>ἁλισκομένην.</span> <span class='ocrx_word' id='word_1_133' title='bbox 1269 2365 1278 2374; x_wconf 49' lang='lat' dir='ltr'><em>f</em></span> 
     </span>
    </p>
   </div>
  </div>
 </body>
</html>
