1644 2924
784 293 846 336 56

223 421 426 474 ὀφθαλμὸς
443 421 598 474 ’γελόων
618 422 761 462 ἑκατὸν
778 420 990 474 χαρίτεσσι
1007 419 1178 468 τεθήλει.

223 488 416 542 ἀτρεκέως
434 487 574 543 ἱέρειαν
593 487 750 540 ἐπάξιον
768 489 905 542 εὕρατο
925 487 1080 540 Κύπρις.

223 557 274 598 ὣς
291 556 317 605 ἦ
334 556 408 607 μὲν
425 555 512 609 πέρι
529 557 685 597 πολλὸν
703 555 971 610 ἀριστεύσασα
987 558 1181 607 ’γυναικῶν

226 622 416 676 Κύπριδος
435 622 627 677 ἀρήτειρα,
648 622 717 672 νέη
736 621 969 676 διεφαίνετο
975 621 1132 675 Κύπρις

225 691 372 733 δύσατο
392 693 424 734 δ’
443 691 582 740 ἠϊθέων
601 690 756 733 ἁπαλὰς
775 689 930 743 φρένας·
958 689 1046 731 οὐδὲ
1064 706 1125 731 τις
1144 690 1290 741 ἀνδρῶν

225 760 297 808 ἧεν
314 761 358 802 ὃς
376 762 421 801 ου
438 759 639 811 μενέαινεν
658 759 768 812 ἔχειν
787 758 1014 810 ὁμοδέμνιον
1032 758 1144 812 Ἥρῶ.
1352 763 1361 785 N

226 828 252 876 ἡ
273 828 306 868 δ’
326 829 399 880 ἄρα
418 826 731 878 καλλιθέμεθλον
749 827 824 879 ὅπῃ
844 826 947 867 κατὰ
964 826 1058 874 νηὸν
1076 826 1214 872 ἀλᾶτο,

228 895 445 946 ἑσπόμενον
464 894 554 936 νόον
573 895 660 947 εἶχε
680 894 744 935 καὶ
764 894 920 945 ὄμματα
938 894 1002 934 καὶ
1022 891 1164 946 φρένας
1183 893 1340 945 ἀνδρῶν.

227 963 294 1003 καί
310 979 371 1003 τις
391 965 433 1002 ἐν
450 961 636 1010 ηἳθέοισιν
655 961 862 1012 ἐθαυμασε,
883 962 948 1002 καὶ
967 958 1071 1013 φάτο
1089 962 1224 1010 μῦθον·

284 1031 392 1071 “nal
412 1029 594 1083 Σπάρτης
614 1029 774 1083 ἐπέβην·
800 1029 1086 1083 Λακεδαίμονος
1105 1028 1266 1081 ἔδρακον
1284 1028 1397 1076 ἄστυ,

229 1097 302 1150 ἧχι
318 1097 440 1149 μόθον
457 1098 522 1139 καὶ
542 1097 686 1140 ἄεθλον
704 1096 896 1148 ἀκούομεν
914 1094 1130 1148 ἀγλαιάων·
1360 1102 1367 1122 ”
1406 1106 1416 1110 “

229 1164 342 1213 τοίην
361 1165 392 1205 δ’
413 1165 559 1205 οὕπω”
537 1180 675 1206 οπωπα
693 1163 786 1213 νέην
800 1163 944 1212 κεδνήν
963 1163 995 1205 θ’
1016 1161 1175 1213 ἁπαλήν
1190 1179 1248 1204 τε.

230 1233 295 1273 καὶ
313 1231 424 1284 τάχα
442 1231 588 1285 Κύπρις
607 1232 694 1284 ἔχει
711 1232 892 1284 Χαρίτων
908 1230 1000 1282 μίαν
1018 1228 1280 1283 ὁπλοτεράων.

230 1299 458 1340 παπταίνων
477 1299 668 1351 ἐμόγησα,
689 1299 806 1352 κόρον
823 1301 856 1340 δ’
876 1301 953 1351 οὐχ
973 1297 1084 1352 εὗρον
1101 1298 1271 1346 ὀπωπῆς.

232 1368 374 1409 αὐτίκα
390 1367 572 1416 τεθναίην
589 1366 746 1420 λεχέων
765 1367 998 1418 ἐπιβήμενος
1016 1366 1163 1419 Ἡροῦς.

233 1437 303 1476 οὐκ
322 1436 370 1476 ἂν
390 1437 469 1486 ἐγὼ
488 1435 575 1476 κατ’
586 1434 798 1485 Ὄλυμπον
817 1434 998 1487 ἐφιμείρω
1018 1435 1104 1475 θεὸς
1124 1432 1232 1482 εἶναι,

231 1501 425 1556 ἡμετέρην
442 1501 672 1556 παράκοιτιν
690 1502 796 1555 ἔχων
814 1502 870 1542 ἐνὶ
889 1502 1062 1553 δώμασιν
1079 1501 1190 1552 Ἧρῶ.

235 1571 270 1611 εἲ
289 1570 335 1611 δέ
349 1587 414 1621 μοι
433 1572 504 1611 οὐκ
524 1569 676 1611 ἐπέοικε
694 1570 791 1619 τεὴν
810 1568 950 1622 ἱέρειαν
968 1566 1175 1620 ἀφάσσειν,

231 1638 344 1687 τοίην
360 1654 436 1688 μοι,
459 1636 656 1691 Κυθέρεια,
677 1636 768 1686 νέην
785 1635 1013 1689 παράκοιτιν
1031 1634 1271 1694 ι’νιι-ιῑίσσαις.”Ι

287 1708 377 1746 τοῖα
394 1704 468 1756 μὲν
484 1704 624 1753 ἠϊθέων
640 1721 702 1755 τις
721 1705 905 1757 ἐφώνεεν·
933 1704 1107 1745 ἄλλοθεν
1124 1702 1252 1745 ἄλλος

234 1773 350 1815 ἕλκος
370 1772 628 1825 ὑποκλέπτων
647 1772 867 1823 ἐπεμήνατο
888 1769 1035 1818 κάλλεϊ
1050 1769 1201 1823 κούρης.
1369 1762 1443 1814 “E-‘2‘

237 1840 441 1882 αἷνοπαθὲς
458 1839 654 1893 Λείανδρε,
675 1840 726 1880 σὺ
745 1840 778 1880 δ’
798 1841 848 1881 ὡς
863 1840 944 1880 ἴδες
965 1837 1110 1878 εὐκλέα
1127 1837 1280 1890 κούρην,

236 1910 307 1949 οὐκ
328 1907 461 1951 ἔθελες
480 1907 674 1960 κρρφίοισι
693 1906 958 1960 κατατρύχειν
975 1903 1103 1958 φρένα
1116 1903 1303 1956 κέντροις·

237 1975 345 2016 ἀλλὰ
362 1973 679 2026 πυριπνέυστοισι
699 1974 831 2024 δαμεὶς
850 1971 1044 2021 ἀδόκητον
1061 1971 1219 2019 ὀϊστοῖς,

1354 1428 1383 1441 Ἀ
1406 1439 1411 1443 .

237 2045 308 2083 οὐκ
327 2042 461 2083 ἔθελες
480 2040 592 2093 ζώειν
608 2039 870 2093 περικαλλέος
889 2039 1059 2092 ἄμμορος
1078 2039 1224 2091 Ἡροῦς.

240 2111 314 2153 σὺν
332 2107 546 2161 βλεφάρων
565 2108 597 2148 δ’
618 2108 773 2149 ἀκτῖσιν
792 2106 928 2158 ἀέξετο
946 2107 1093 2159 πυρσὸς
1113 2107 1274 2159 ἐρώτων,

239 2180 303 2221 καὶ
323 2177 459 2231 κραδίη
477 2175 648 2229 πάφλαζ
644 2192 688 2219 εν
706 2174 890 2224 ἀνικήτου
907 2175 1024 2228 πυρὸς
1043 2176 1152 2228 ὁρμῇ.
1196 2171 1202 2178 ’

241 2247 393 2290 κάλλος
411 2247 489 2299 ’γὰρ
507 2247 747 2297 περίπυστον
765 2243 986 2295 ἀμωμήτοιο
1005 2243 1189 2293 ’γυναικὸς

239 2315 421 2367 ὀξύτερον
437 2313 655 2367 μερόπεσσι
671 2310 787 2352 πέλει
804 2310 1038 2364 πτερόεντος
1056 2310 1203 2351 ὀϊστοῦ.

238 2383 440 2436 ὀφθαλμὸς
459 2382 491 2421 δ’
512 2381 600 2422 ὁδός
619 2372 743 2421 ἐστιν·
771 2380 836 2420 ἀπ’
857 2377 1075 2431 ὀφθαλμοῖο
1094 2378 1255 2425 βολάων
